4000 5417
550 486 606 543 rte
634 485 759 541 enno
784 461 1158 542 Looononzrtsr.
1414 472 1490 559 3⁶¹

224 634 756 663 mm

220 775 304 873 jure
326 770 513 858 habendi,
539 767 714 857 tenendi,
741 768 924 856 donandi,
951 766 1190 854 comumndi,
1223 767 1284 841 vel
1317 764 1496 864 quidquid

224 876 358 955 exinde
373 874 494 951 iacere
509 894 573 970 pro
589 869 746 947 utilitate
760 868 869 968 ipsms
883 868 1090 947 monasterii
1102 866 1313 955 volueritis,
1338 868 1494 944 liberam

227 994 271 1057 tc
283 977 525 1055 firmissimam
541 972 579 1047 in
594 971 766 1047 omnibus
780 971 950 1047 habeatis
965 971 1191 1071 potestatem.
1242 969 1284 1046 Si
1299 970 1381 1067 quis
1398 991 1497 1056 vero,

226 1080 327 1177 quod
351 1080 520 1153 futurum
534 1073 602 1149 effe
619 1070 727 1146 c'redo
743 1070 958 1162 minima&
971 1088 1080 1147 terrra
1100 1075 1225 1159 amaia,
1239 1085 1281 1146 ar
1294 1070 1423 1169 supra,
1437 1094 1498 1143 ar·

169 1216 173 1225 ·
229 1204 320 1279 qao:
346 1178 482 1255 Abtum
494 1178 537 1253 in
554 1174 767 1251 monasterio
793 1174 1006 1249 lauresham
1021 1175 1166 1274 publice
1181 1177 1215 1253 V
1231 1174 1316 1250 idus
1341 1171 1498 1276 Aprilis.
1540 1206 1573 1274 9.
1590 1187 1668 1275 nar.
1758 1226 1770 1247 .

149 1290 151 1295 '
227 1282 386 1379 Signum
408 1277 622 1376 Woifgarii‚
650 1276 715 1373 qui
728 1273 826 1349 hanc
841 1276 1076 1353 donationem
1100 1278 1198 1353 fecit.
1664 1298 1671 1311 ·

705 1472 1011 1571 CCLXXXV.

230 1609 412 1711 Donabo
439 1608 686 1723 Erkaafrr'di
715 1608 758 1695 ia
786 1609 916 1695 eadem
941 1612 1035 1698 vida
1062 1636 1164 1696 anno
1179 1609 1280 1701 XV
1296 1606 1413 1724 regni
1434 1610 1500 1699 do·
1542 1709 1548 1719 ,

347 1722 445 1811 mini
470 1723 591 1835 nostri
615 1720 787 1837 Pippiai
800 1720 930 1833 regis,
959 1723 1211 1813 Gundelarrdo
1236 1723 1386 1810 abbate.
1593 1722 1599 1731 ’

236 1900 335 2033 Ego
352 1891 390 1964 in
416 1888 484 1964 Dei
499 1889 647 1963 nomine
675 1887 875 1964 Erkanfrid
898 1886 998 1962 dono
1021 1888 1070 1963 ad
1084 1886 1272 1964 ecclesiam
1290 1886 1398 1964 santii
1423 1884 1503 1963 Na·

315 1990 404 2065 zarii
425 1990 681 2079 Lauresham,
709 1990 857 2065 vineam
883 2012 997 2065 unam
1016 1990 1052 2064 in
1075 2014 1167 2087 pago
1183 1984 1435 2085 Loboalom'nsa,
1460 1988 1503 2063 in
1641 2065 1650 2073 ,

234 2088 532 2191 Haatscabeshaim
548 2144 558 2178 ,
585 2114 700 2189 quarn
715 2091 870 2166 tradidit
883 2090 975 2164 mihi
985 2091 1126 2166 Ratfrit
1142 2114 1256 2166 manu
1271 2088 1503 2189 potestativa,

234 2194 332 2269 hanc
348 2192 567 2267 transfundo
581 2193 627 2268 de
653 2190 828 2291 potestate
844 2215 928 2268 mea
943 2192 979 2266 in
1007 2193 1220 2289 potestatem
1237 2190 1345 2267 santii
1361 2205 1503 2289 marty-

234 2294 286 2371 ris
300 2293 348 2369 N.
365 2316 451 2368 cum
467 2292 624 2390 stipulat.
654 2294 820 2367 subnixa.
874 2293 1011 2369 Atium
1025 2293 1236 2367 Laaacsham
1253 2292 1504 2370 Xdiemensrs

233 2392 388 2493 Aprilis.
443 2393 600 2489 Signum
616 2394 848 2481 Erkanfridi,
877 2396 939 2490 qui
953 2394 1049 2471 hanc
1064 2396 1298 2471 donationem
1312 2394 1418 2484 fecit,
1433 2394 1503 2492 fig-

234 2518 325 2573 num
348 2494 581 2586 Ermanfrid,
608 2497 789 2584 Gammo‚
816 2496 1018 2573 Cuniberti
1069 2496 1400 2597 Udiihartscripiit.

711 2694 1041 2791 CCLXXXVI.

237 2818 416 2913 Donatio
432 2822 639 2915 Manaotdi
663 2824 705 2912 ia
732 2826 862 2912 eadem
881 2826 975 2912 vilia
992 2853 1096 2915 arao
1114 2827 1282 2943 ejusdem
1298 2822 1506 2944 principis

755 2960 830 3046 qao
848 2938 992 3049 supra.

232 3108 292 3239 *ln
316 3095 447 3175 Christi
473 3093 622 3173 nomine
642 3119 712 3193 ego
738 3098 983 3199 Manegoldus
996 3128 1062 3206 pro
1087 3106 1157 3183 Dei
1178 3103 1340 3194 intuitu,
1365 3104 1426 3181 vel
1440 3123 1509 3203 pro

294 3202 429 3277 animae
445 3216 539 3274 meae
554 3198 716 3273 remedio
731 3254 742 3288 ,
771 3202 831 3279 seu
845 3228 911 3305 pro
924 3222 1065 3285 aeterna
1080 3209 1319 3285 retributione
1332 3206 1507 3307 perhanc

238 3302 430 3381 kartulam
446 3299 653 3375 donationis
679 3303 774 3379 dono
789 3306 837 3384 ad
854 3308 1016 3385 santtum
1041 3311 1112 3387 Dei
1133 3325 1335 3407 martyrem
1368 3306 1415 3382 N.
1440 3305 1505 3401 qui
1643 3364 1650 3371 .
1794 3308 1797 3321 '

80 3412 83 3419 ’
240 3403 485 3604 idioti
502 3424 657 3581 ibit
680 3402 838 3583 britti
859 3410 1030 3585 ibib
1051 3407 1511 3587 bitbstidibt‘tt

342 3558 353 3592 r
932 3562 942 3597 r
1493 3550 1513 3567 “

200 3689 203 3697 y
243 3606 496 3701 gregationem
513 3606 808 3696 monachorum,
835 3632 921 3707 quae
935 3609 1075 3684 ibidem
1099 3611 1230 3687 servire
1254 3607 1419 3697 videtur,
1447 3608 1512 3685 sub

246 3706 451 3783 venerabili
467 3704 712 3785 Gundel'ando
729 3709 879 3800 abbate,
893 3711 1145 3809 donatumque
1158 3712 1196 3787 in
1212 3722 1428 3811 perpetuum
1443 3710 1513 3788 eise

244 3808 349 3897 volo,
368 3806 406 3883 dr
422 3807 681 3905 promptiffima
694 3814 888 3890 voluntate
903 3810 1098 3902 confirmo,
1124 3814 1196 3889 hoc
1209 3811 1278 3900 est,
1293 3834 1371 3887 rem
1386 3837 1513 3891 meam
1577 3838 1581 3845 ·

244 3910 283 3986 in
293 3932 387 4007 pago
401 3906 644 4006 Lobodoar'ase,
659 3914 696 3989 in
711 3916 792 3989 loco
805 3927 1017 4015 nuncupato
1032 3912 1345 4014 Haatscaiusbeim‚
1364 3916 1513 3995 tertiam

223 4079 225 4086 ,
246 4024 388 4112 partem
404 4008 515 4091 unior
529 4010 643 4089 mansi
659 4014 697 4092 dt
711 4014 862 4200 tertiat}
877 4030 1022 4119 partein
1036 4018 1145 4097 unius
1157 4018 1295 4108 vineae,
1310 4041 1333 4093 a
1347 4018 1406 4198 did
1420 4042 1513 4119 prro·

870 4142 892 4196 z
1400 4133 1466 4201 nte
