4000 5417
454 511 458 519 .
508 484 557 570 48
885 466 1071 545 ennon.
1099 488 1163 541 nr
1187 464 1403 543 Cusum

508 636 862 669 .......‚..........

512 772 610 847 rium
624 772 793 849 nefandis
808 771 953 851 aufibus
966 770 1039 847 suis
1064 772 1288 847 contrarium
1303 768 1451 861 sentiat,
1475 773 1514 849 dt
1529 774 1673 874 insuper
1697 774 1786 851 fisco

511 874 916 971 distringentemuitam
937 874 1108 949 derebus
1128 872 1283 972 propriis
1309 874 1404 971 perti
1416 874 1578 974 praedisii
1593 878 1784 964 uenerabi-

512 978 559 1051 lis
581 976 787 1053 monasterii
812 977 958 1053 coactus
976 975 1164 1063 exsolvat,
1197 974 1279 1051 auri
1298 976 1469 1055 videlicet
1488 978 1623 1057 libram
1647 1002 1781 1067 unam.

513 1079 655 1175 argenti
669 1079 790 1178 pondo
805 1077 869 1173 xjj,
895 1077 934 1154 dt
953 1078 1025 1153 hoc
1038 1077 1297 1153 testamentum
1318 1093 1430 1174 atque
1451 1079 1535 1157 haec
1548 1081 1700 1159 donatio
1715 1106 1780 1157 no·

511 1180 581 1256 stra
595 1179 701 1257 firma
716 1180 753 1257 dt
769 1181 947 1257 inviolata
973 1192 1212 1279 permaneat,
1238 1177 1315 1255 &st
1335 1204 1553 1279 quocunque
1574 1197 1782 1283 tempores

512 1282 679 1381 quolibet
693 1283 842 1358 homine
868 1282 971 1357 aliud
992 1281 1269 1357 instmmentum
1290 1281 1329 1355 in
1346 1282 1465 1371 nostro
1485 1284 1635 1363 nomine
1659 1284 1781 1383 prola·

510 1399 594 1461 tum
608 1372 734 1472 suerit,
762 1384 861 1483 quod
874 1385 962 1459 huic
987 1380 1106 1458 nostro
1124 1380 1341 1459 testamento
1366 1387 1593 1461 contrarium
1615 1383 1669 1473 fit,
1685 1386 1781 1461 indi·

512 1487 612 1563 cium
637 1488 808 1563 dntomm
832 1486 994 1561 anterius
1020 1487 1079 1559 vel
1099 1481 1274 1585 posterius
1294 1484 1460 1587 nubem,
1486 1486 1641 1565 etiamst
1665 1510 1782 1567 manu

511 1588 630 1664 nostra
657 1588 825 1665 videatur
847 1590 906 1663 vel
931 1588 1077 1662 dicatur
1096 1584 1166 1662 eise
1188 1586 1404 1675 firmatum,
1431 1612 1593 1667 vacuum
1608 1588 1645 1665 dt
1669 1589 1803 1668 inane

511 1702 724 1777 remaneat,
750 1688 789 1766 dc
808 1691 955 1765 nullum
980 1686 1149 1765 effessum
1162 1689 1353 1778 obtineat,
1380 1688 1452 1777 sed,
1467 1705 1511 1767 ut
1522 1690 1779 1789 praediximus,

510 1792 594 1868 haec
608 1791 756 1867 donatio
771 1791 891 1867 nostra
910 1794 1060 1891 perenni
1074 1790 1269 1867 stabilitate
1289 1791 1397 1867 firma
1410 1790 1686 1871 &inviolabilis
1699 1814 1780 1891 per·

510 1894 665 1980 severet,
691 1893 917 1993 stipulatione
934 1891 1097 1971 subnixa.
1125 1894 1176 1969 Et
1191 1906 1234 1967 ut
1244 1893 1318 1970 hoc
1332 1892 1591 1996 testamentum
1604 1892 1714 1989 juxta
1728 1895 1794 1971 lc⁴¹

511 1996 568 2091 gis
582 1994 898 2083 consuetudinem,
916 1997 1097 2091 integram
1111 1994 1326 2071 firmitatem
1341 1997 1514 2095 accipiat,
1531 1996 1686 2097 propriae
1701 2019 1781 2073 ma·

511 2122 582 2173 nus
606 2096 858 2197 subscriptione
884 2098 976 2173 illud
996 2094 1141 2173 firmare
1163 2096 1420 2187 decrevimus,
1446 2098 1485 2176 dc
1501 2100 1714 2175 idoneorum
1726 2116 1781 2173 te·

513 2198 647 2287 stium,
674 2201 737 2296 qui
755 2200 866 2298 ipsam
882 2199 1123 2276 donationem·
1133 2199 1316 2288 viderint,
1343 2201 1535 2296 signaculis
1550 2200 1713 2277 roborari
1727 2199 1781 2275 fe-
1803 2230 1808 2237 ·

513 2302 644 2377 cimus.
673 2302 782 2379 Fessa
796 2301 944 2375 donatio
965 2300 1005 2375 in
1028 2302 1261 2377 Muruhcmo
1281 2300 1496 2377 monasterio
1520 2300 1554 2377 II
1579 2300 1660 2377 idus
1686 2301 1780 2397 Sep·

407 2410 422 2450 1
449 2436 456 2452 ·
514 2400 690 2487 tembris‚
713 2408 809 2477 a'nno
828 2402 880 2479 VI
907 2404 1012 2497 regni
1040 2402 1181 2477 domini
1201 2402 1311 2479 nostri
1336 2403 1524 2480 Ludowici
1545 2399 1781 2497 gloriofiffimi

513 2506 1059 2702 {spt‘tttsssstfsttttfft
1072 2504 1781 2706 stfittztpsttstits”dass
1900 2705 1904 2714 ,

513 2704 666 2783 consensi
683 2706 721 2783 δι
742 2707 932 2806 subscripfi.
985 2708 1143 2805 Signum
1160 2706 1394 2804 Rabangarii.
1445 2707 1603 2804 Signum
1627 2707 1781 2788 Warbo·

513 2810 619 2884 tonis.
648 2808 803 2905 Signum
817 2807 1021 2890 Wolsberti
1042 2810 1080 2886 uz
1107 2810 1274 2887 aliorum.
1328 2811 1409 2907 Ego
1429 2810 1680 2887 Hirmimarus
1703 2809 1783 2885 dia·

512 2933 625 2987 conus
641 2911 679 2988 &
694 2912 860 2988 notarius
880 2911 1081 3011 imperialis
1099 2927 1256 3007 rogante
1282 2912 1473 2991 Einhardo
1494 2913 1566 2989 hoc
1588 2912 1780 2999 testamen·

361 3057 363 3061 -
511 3026 592 3088 tum
614 3012 728 3115 scripsi
744 3014 782 3093 δι
800 3012 991 3113 subscripsi.
1427 3029 1430 3034 “

518 3154 521 3163 ¹
611 3213 839 3331 Descriptio
865 3210 1049 3301 marchae
1067 3213 1314 3336 pertinentis
1340 3214 1395 3302 ad
1416 3210 1675 3327 Micirlenster.

511 3379 693 3549 Hujus
710 3377 947 3467 donationis
974 3376 1060 3472 sune
1091 3405 1282 3468 tenorem
1310 3380 1355 3467 ὅ(
1372 3377 1558 3465 locorum
1580 3367 1780 3474 termino-‚⁴

514 3517 803 3717 defigpprvrppue
832 3486 1151 3612 descriptionem
1175 3488 1257 3609 ipse
1284 3490 1522 3582 Einhardus
1547 3490 1624 3578 hoc
1647 3488 1779 3577 modo

1112 3717 1241 3810 XXI.

511 3860 715 4011 Qupniam
732 3861 813 3955 sunt
828 3862 981 3965 quidam
995 3862 1059 3979 qui
1071 3860 1167 3979 festu
1188 3861 1352 3980 soeculari
1364 3874 1554 3979 turgentes
1561 3916 1579 3980 ,ι
1594 3860 1636 3939 dr
1652 3859 1781 3936 semet-

514 3962 901 4144 „antistitum
918 3964 1608 4156 mttttzttmtmtit

1579 4166 1732 4251 tineus
