4000 5417
1055 382 1412 466 'Tosnmonns

1048 811 1053 820 Ι
1118 691 1348 784 DLXXII.

705 908 710 917 .
789 818 970 916 Donatio
1004 819 1248 936 Wolfgrimi
1276 824 1318 913 in
1346 820 1476 913 eadem
1504 825 1614 913 uilla

566 986 701 1128 Anno
717 987 805 1066 XIII
819 991 922 1086 regni
935 989 1075 1066 domini
1090 989 1200 1068 nostri
1214 993 1341 1069 Karoli
1355 993 1454 1090 regis
1466 991 1609 1094 gloriosi
1624 1016 1696 1090 ego
1720 993 1830 1076 Wolf·

654 1092 751 1188 grim
767 1093 862 1168 dono
883 1093 932 1168 ad
946 1093 1108 1168 landum
1133 1095 1428 1193 Deimartyr'em
1455 1095 1660 1172 Nazarium
1674 1094 1747 1172 dic.
1775 1119 1831 1194 pro

567 1194 703 1272 animae
718 1217 812 1271 meae
827 1194 991 1270 remedio
1013 1195 1053 1270 in
1073 1219 1168 1294 pago
1193 1196 1425 1297 &domuisse
1433 1195 1462 1294 jj
1485 1197 1651 1274 vineasa
1670 1198 1732 1272 die
1746 1219 1831 1298 piae·

413 1317 418 1332 ’
567 1295 657 1372 senti
671 1297 775 1374 trado
794 1309 903 1395 atque
919 1296 1136 1374 transfundo
1151 1299 1190 1373 in
1204 1299 1274 1374 Dei
1288 1302 1437 1376 nomine
1451 1298 1524 1377 dcc.
1551 1299 1688 1376 Alium
1706 1300 1745 1376 in
1758 1323 1831 1374 mo·
1949 1310 1950 1357 l

386 1416 440 1490 ογ.
460 1400 537 1483 Jnn.
567 1399 721 1476 nasterio
745 1398 960 1474 lauresham
989 1400 1229 1477 Vkalendas
1255 1402 1354 1502 Julii.
1406 1401 1566 1498 Signum
1598 1401 1831 1502 Woiigrimi,
1878 1459 1882 1462 -
1949 1454 1950 1477 i

486 1553 487 1558 κ
566 1501 633 1602 qui
647 1501 995 1582 haucdonationem
1018 1500 1143 1579 focio·
1170 1503 1358 1582 Rudolfus
1384 1501 1535 1609 Icriplm

964 1759 968 1768 -
1096 1703 1347 1796 DLXXIII.

821 1835 1003 1930 Donatio
1031 1836 1225 1951 Ratsridi
1254 1837 1448 1934 incudem
1474 1836 1582 1927 villo.
1692 1879 1701 1889 ·

567 2012 669 2144 Ego
681 2001 720 2080 in
745 2001 814 2082 Dei
835 2006 983 2080 nomine
1009 2004 1156 2081 Ratfrid
1177 2005 1275 2081 dono
1289 2006 1339 2082 ad
1359 2005 1521 2082 laudium
1546 2003 1616 2082 Dei
1637 2016 1834 2103 mastyrem

647 2105 926 2183 Nazariumdm.
956 2105 1219 2204 unumjurnal.
1245 2109 1292 2184 de
1307 2123 1406 2185 terra
1426 2107 1589 2184 aratoria
1604 2108 1643 2183 in
1668 2109 1834 2183 Maenia·
1938 2200 1941 2207 Ι

567 2204 653 2282 holm
669 2232 694 2283 a
707 2209 765 2284 die
778 2207 961 2307 praesenti,
987 2223 1032 2284 ut
1046 2209 1220 2308 deinceps
1232 2211 1357 2286 locum
1371 2211 1419 2287 ad
1431 2210 1549 2310 ipsmn
1567 2208 1731 2291 sancium
1738 2209 1835 2286 omni

566 2320 730 2410 tempore
753 2309 918 2410 proficiat
943 2311 983 2386 in
1002 2309 1213 2407 augmentis
1235 2309 1465 2412 stipulatione
1485 2309 1648 2386 subnixa.
1702 2310 1837 2389 Aaou
1949 2398 1950 2405 Ν

380 2440 434 2509 30.
451 2424 516 2501 Jnl.
567 2410 608 2485 in
633 2411 847 2488 monasterio
872 2411 1088 2487 Laureolum
1112 2413 1164 2488 III
1185 2413 1367 2489 kalendas
1392 2410 1577 2505 Augusti,
1610 2437 1707 2488 anno
1730 2413 1840 2488 XIIII

259 2519 262 2526 '
568 2513 673 2608 regni
689 2513 826 2589 domiui
842 2514 952 2590 nostri
978 2514 1106 2591 Karoli
1126 2513 1234 2610 regis.
1259 2515 1416 2611 Signum
1443 2510 1631 2603 Ratfridi,
1655 2513 1719 2611 qui
1738 2513 1852 2588 hanc·

568 2614 805 2697 donationem
832 2616 921 2693 iecit
944 2669 955 2707 ,
980 2617 1124 2716 signum
1157 2615 1292 2692 Eserioi
1304 2667 1316 2705 ,
1348 2611 1603 2706 Beretiifridi,
1634 2612 1839 2704 Bennonis.

568 2717 776 2794 Grimarius
803 2717 947 2820 scripsit.
1096 2734 1102 2742 “

1128 2891 1381 3013 Dim.
1501 2863 1514 2874 ’

824 3047 1004 3142 Donatio
1038 3053 1252 3143 Trutlaldi
1272 3053 1320 3142 in
1347 3049 1635 3151 Monninieim.
1695 3147 1700 3154 ,

249 3227 250 3230 ‘
445 3299 452 3313 ‚
568 3217 730 3356 Eodem
745 3241 842 3295 anno
856 3242 924 3295 nos
939 3223 978 3298 in
1005 3221 1074 3296 Dei
1090 3220 1239 3296 nomine
1264 3218 1444 3298 Trutbald
1458 3218 1498 3297 dc
1512 3218 1648 3314 conjux
1663 3239 1747 3294 mea
1762 3217 1840 3294 He·
1949 3222 1950 3301 ξ

389 3321 393 3329 ’
647 3324 731 3398 lena
747 3321 928 3401 donamus
942 3325 990 3400 ad
1006 3323 1167 3399 laudium
1180 3319 1312 3397 Christi
1325 3337 1531 3420 martyrem
1559 3316 1759 3396 Nazarium
1767 3317 1838 3396 &o
1949 3412 1950 3419 Ν

541 3441 550 3462 ·
571 3421 609 3498 in
634 3425 876 3500 Manninlu'm
893 3424 921 3523 jj
944 3425 1083 3524 jurnal.
1096 3424 1143 3500 de
1156 3438 1254 3500 terra
1269 3425 1431 3501 aratoria
1444 3425 1483 3499 in
1510 3421 1578 3496 Dei
1592 3420 1740 3496 nomine
1756 3442 1842 3519 per·

572 3525 771 3626 petualiter
796 3529 844 3604 ad
877 3527 1124 3628 poilidendum
1157 3522 1387 3624 stipulatione
1418 3523 1581 3602 subnixa.
1633 3519 1776 3598 Alinm
1802 3521 1841 3596 in

403 3673 435 3729 Ι,
450 3651 541 3728 Mam
572 3629 791 3706 monasterio
817 3631 1032 3706 Laureolum
1065 3630 1244 3706 kalendas
1279 3629 1406 3705 Martii
1421 3655 1440 3718 ,’
1457 3650 1580 3714 anno,
1616 3645 1694 3722 quo
1719 3624 1840 3723 supra.

570 3730 727 3827 Signum
753 3733 943 3809 Trutbaldi
958 3733 997 3812 &
1022 3734 1198 3820 Helenae,
1225 3731 1289 3828 qui
1303 3732 1400 3807 hanc
1424 3725 1844 3807 donationemfecerunt

568 3831 608 3910 δι
624 3831 763 3912 firman
776 3849 1011 3932 rogavemus
1065 3834 1275 3913 Grimarius
1294 3832 1420 3934 scripsi.
1472 3875 1483 3898 ι
