4000 5417
500 475 557 530 ιιι
585 474 711 530 nano
734 453 1113 544 Lonoounnusr.
1367 487 1443 565 535

38 639 45 651 .
173 616 1442 651 m

174 666 1446 712 —n-—n———n-—ss—-r-——n-..ss—
1464 667 1469 676 ¹

821 756 881 846 X.
956 841 960 850 ,
1057 834 1064 845 ,

396 885 591 978 Donatio
630 756 842 1001 Wostlgecri
870 887 911 976 in
938 885 1067 974 eodem
1093 887 1203 983 villo,
1290 863 1295 866 ¹
1358 949 1362 960 .

170 1054 227 1194 Si
240 1052 379 1151 aliquid
393 1052 439 1128 de
454 1053 564 1131 rebus
585 1051 713 1129 nostris
727 1051 881 1152 propriis
907 1054 997 1130 locis
1018 1052 1223 1132 santiorum
1243 1059 1303 1135 vel
1328 1060 1366 1136 in
1383 1060 1441 1140 su·

239 1153 494 1232 stentationem
507 1177 713 1258 pauperum
730 1155 981 1246 conserimus,
1007 1155 1079 1230 hoc
1095 1158 1201 1232 nobis
1225 1164 1354 1258 procul
1375 1165 1443 1240 du.

169 1257 230 1334 bio
244 1258 662 1336 inaetemabcatitudine
677 1256 828 1332 retribui
844 1279 867 1330 a
880 1256 1042 1332 Domino
1057 1257 1285 1337 confidimus.
1302 1265 1442 1342 Idcirco

38 1365 42 1412 ἱ
169 1381 238 1434 uos
253 1360 292 1433 in
318 1358 387 1434 Dei
400 1359 549 1434 nomine
574 1359 789 1453 Waltgerus
803 1356 842 1433 dc
856 1355 990 1454 conjux
1007 1380 1093 1434 mea
1118 1361 1357 1441 Ruotsuindis
1373 1392 1439 1467 pa·

169 1460 258 1536 riter
270 1449 458 1536 donamus'
468 1462 518 1536 ad
538 1459 699 1536 sanstum
726 1457 858 1536 Christi
873 1473 1078 1556 martyrem
1092 1461 1294 1542 Nazarium
1302 1466 1372 1544 &a
1400 1470 1441 1548 iu

169 1559 360 1660 Clophszeim
376 1560 414 1638 δι
440 1561 638 1637 Histinbocsr
650 1560 888 1636 medietatem
909 1562 1032 1636 omnis
1052 1561 1264 1660 possessionis
1284 1569 1437 1661 nostrae,

170 1673 250 1738 tam
265 1661 417 1750 mansis,
443 1664 599 1762 campis,
626 1663 753 1749 terris,
780 1661 916 1750 vineis,
943 1663 1083 1760 pratis,
1108 1663 1265 1762 pascuis,
1291 1673 1437 1767 perviis,

167 1761 288 1852 silvis,
314 1763 505 1852 domibus,
531 1762 713 1851 aediliciis,
740 1763 953 1861 mancipiis,
981 1764 1104 1859 aquis,
1131 1787 1359 1862 aquarumve
1376 1774 1438 1848 de·

167 1863 329 1940 cursibus
345 1918 356 1954 ,
382 1866 527 1940 cultum
541 1865 580 1942 dt
594 1865 776 1941 incultum
784 1862 858 1940 &c
908 1860 1045 1938 Atrum
1059 1865 1097 1939 in
1110 1867 1329 1946 monasterio
1342 1872 1439 1946 Lou-

168 1965 304 2039 rcshom
326 1965 395 2040 llll
414 1965 597 2044 kalendas
626 1964 809 2044 Novemb.
833 1988 930 2041 anno
956 1963 1025 2041 llll
1041 1969 1143 2062 regni
1163 1969 1305 2045 domini
1329 1972 1439 2051 nostri
1466 1976 1607 2064 amosc

165 2065 293 2144 Karoli
307 2068 416 2164 regis.
471 2067 630 2164 Signum
643 2066 824 2166 Waltgeri
837 2065 877 2144 δι
899 2065 1158 2159 Ruotsuindis,
1183 2072 1248 2168 qui
1261 2071 1358 2150 hanc
1373 2077 1439 2151 do·

164 2167 353 2244 nationem
368 2167 553 2258 fecerunt,
569 2169 713 2268 sgnum
727 2167 932 2256 Dancradi,
946 2168 1214 2260 Brunichonis,
1229 2173 1436 2269 Eiluuardi,

163 2267 352 2360 Rutberti,
379 2269 591 2370 Riphwini‚
618 2269 854 2361 Giselhelmi,
879 2269 1088 2350 Walastidi.
1122 2271 1276 2352 Samuel
1290 2276 1436 2380 scripsit.

720 2468 884 2560 DCXI.

442 2608 625 2705 Duratio
649 2604 804 2700 Stobos
823 2606 865 2695 sn
891 2606 1021 2696 eadem
1036 2606 1144 2698 villo.

162 2772 380 2910 Annonl
401 2776 505 2869 regni
529 2775 671 2850 domini
684 2769 795 2850 n'ostri
819 2773 946 2850 Karoli
968 2775 1094 2872 regis,
1119 2799 1190 2873 ego
1213 2777 1346 2856 Stahal
1370 2803 1439 2882 pro

251 2873 388 2948 animae
399 2895 493 2947 meae
509 2875 672 2947 remedio
686 2875 784 2947 dono
799 2873 848 2946 ad
862 2873 1025 2949 faustum
1050 2877 1119 2950 Dei
1135 2891 1340 2973 martyrem
1362 2883 1439 2959 Na·

161 2975 305 3050 zarium
312 2969 382 3046 &o
400 2968 410 3066 j
410 2968 427 3065 j
437 2967 571 3064 jumal.
585 2972 626 3044 in
651 2971 863 3068 Csopsrsreim,
883 2972 935 3047 ita
948 2987 993 3048 ut
1007 2974 1056 3048 ad
1068 2974 1185 3072 ipsum
1197 2978 1321 3054 locum
1335 2983 1437 3059 omui

159 3087 325 3172 tempore
341 3070 507 3172 proficiat
522 3072 559 3145 in
585 3071 795 3166 augmentis
820 3069 1049 3171 stipulatione
1077 3074 1242 3154 subnixa.
1296 3080 1435 3160 Atrum
1460 3123 1467 3138 ·

159 3175 201 3251 in
216 3173 431 3251 monasterio
456 3171 672 3245 Lucretium
689 3173 760 3250 XV
776 3173 956 3249 kalendas
970 3174 1070 3273 Julii.
1123 3177 1281 3277 Signum
1289 3182 1433 3276 Stahal,
1467 3218 1518 3288 17.
1531 3199 1605 3279 Jon,

160 3278 224 3378 qui
238 3278 334 3356 hanc
351 3273 587 3352 donationem
601 3273 689 3352 fecit
702 3273 741 3353 δι
756 3273 898 3353 firmari
909 3277 1068 3374 rogavit.

711 3475 892 3570 DCXII.

419 3605 599 3700 Donatr’o
623 3607 802 3698 Bubonis
830 3607 874 3696 sn
901 3603 1031 3696 eodem
1057 3608 1165 3696 uilla.

156 3777 261 3910 Ego
277 3795 315 3848 m
328 3769 396 3848 Dei
411 3777 561 3893 nomine
585 3773 694 3851 Bubo
709 3775 805 3893 dono
821 3775 869 3852 ad
884 3771 1046 3851 laneum
1061 3773 1194 3893 Christi
1212 3784 1429 3894 martyrem,

238 3895 303 3970 qur
328 3875 515 3971 reqmescrt
538 3901 578 3952 ιιι
594 3878 811 3954 monasteno
837 3876 1095 3967 Lauresham,
1121 3877 1185 3956 ubi
1204 3901 1260 3955 vir
1275 3901 1425 3956 venera·

156 3971 245 4054 bilis
271 3975 536 4060 Gundelandus
554 3979 649 4058 abba
664 3977 1000 4084 proeesse-videon,
1026 3980 1430 4188 donatumqpeemiplpler·
