4000 5417
405 417 409 428 ’
447 497 448 502 Ν
523 436 580 492 rx
609 433 735 490 enno
761 413 1141 488 Loroouxsxsr.
1381 436 1458 511 493

185 575 1458 610 mfflfflfflm

40 651 41 660 ,
183 629 1460 674 μ------ν------,·-----

752 661 903 806 oxu

439 846 621 942 Donatio
648 846 827 940 Bubonis
856 845 897 931 iu
927 847 1056 934 eadem
1085 848 1192 936 virt.

40 1069 41 1112 z
184 1035 284 1163 Ego
298 1019 406 1098 Bubo
422 1017 518 1092 dono
534 1017 583 1092 ad
597 1015 758 1091 fandum
773 1013 819 1088 N.
830 1011 900 1088 &c
928 1013 966 1088 in
987 1012 1211 1114 Walalastnt
1223 1012 1239 1111 j
1266 1039 1391 1092 aream
1418 1016 1457 1096 dr

263 1150 344 1200 xxx
362 1119 527 1217 jurnales
553 1117 783 1216 stipulatione
805 1114 969 1190 subnixa.
1023 1114 1161 1190 Adtum
1187 1116 1367 1218 Lauriffue
1386 1121 1458 1194 Xll

182 1227 361 1302 kalendas
386 1221 509 1297 Ostob.
527 1244 623 1296 anno
637 1217 778 1296 XXVII
794 1217 897 1314 regni
912 1217 1050 1292 domini
1066 1219 1271 1296 Ludowici.
1299 1221 1457 1318 Signum
1487 1227 1622 1302 auoit.

183 1328 369 1414 Bubonts,
395 1322 459 1421 qui
474 1323 570 1397 hanc
593 1320 830 1398 donationem
852 1318 966 1408 fecit,
992 1319 1138 1416 signum
1161 1322 1361 1414 Dietbeni,
1386 1325 1457 1400 Er·

180 1429 367 1517 kenberti,
392 1423 577 1524 Egisheri.
629 1421 882 1520 Reginbaldus
897 1420 1044 1522 scripsit.
1368 1451 1371 1458 ·

762 1622 951 1730 cmlvi.

424 1771 605 1867 Donario
630 1765 868 1890 Frnplzildis
896 1767 939 1855 in
970 1766 1208 1862 Vitenlreim.

182 1940 318 2081 Anno
332 1941 402 2020 xv
416 1941 521 2038 regn
534 1938 673 2016 nomn
686 1937 795 2013 nostri
820 1935 1155 2037 Pippiniregisego
1168 1917 1209 2013 ni
1222 1915 1456 2027 oernomne

269 2045 299 2119 F
299 2043 479 2120 rauhildis
493 2065 558 2142 pro
584 2041 654 2116 Dei
668 2041 825 2127 intuitu,
847 2039 908 2115 vel
923 2059 988 2137 pro
1005 2039 1141 2116 animae
1155 2061 1251 2117 meae
1271 2047 1455 2134 remedio,

182 2145 246 2222 seu
260 2169 326 2244 pro
340 2160 477 2222 aeterna
490 2142 754 2230 retributione,
782 2155 823 2216 ut
837 2141 986 2224 veniam
1000 2142 1047 2215 de
1060 2141 1219 2240 peccatis
1235 2143 1330 2218 meis
1354 2148 1455 2246 apud

180 2249 306 2324 Deum
321 2247 467 2347 adipisci
484 2266 652 2333 merear,
678 2242 850 2342 perhanc
866 2242 1055 2318 kartulam
1074 2242 1285 2320 donationis
1300 2245 1374 2350 ¹srve
1399 2263 1454 2324 te·

181 2349 403 2425 {lamentum
420 2349 516 2423 dono
537 2371 560 2422 a
581 2347 640 2421 die
661 2344 838 2444 praesente
861 2344 908 2418 ad
931 2342 1204 2420 sacratiffimum
1229 2347 1299 2422 Dei
1312 2365 1453 2446 marty-

182 2473 261 2526 rem
288 2451 489 2528 nazarium
505 2447 581 2526 dre.
604 2445 1367 2560 remmeammpaquellliilllssessfiain,
1385 2452 1454 2536 Ili

182 2547 1020 2651 whajfflhgqptjgwmde-mnmplpnp
1033 2546 1072 2622 dr
1092 2548 1185 2662 duos
1198 2548 1336 2638 servoS,
1362 2553 1452 2630 Wa-

183 2655 390 2729 lacmarum
405 2654 444 2730 dr
470 2651 763 2748 Reginbaldum,
788 2651 836 2726 ad
855 2650 1041 2746 integrum
1067 2649 1113 2724 de
1129 2670 1213 2746 Jure
1234 2673 1317 2726 meo
1332 2653 1369 2729 in
1390 2652 1455 2750 jus

185 2753 441 2830 &dominium
467 2754 574 2828 santii
591 2752 739 2828 Nazarii
755 2753 868 2839 dono,
895 2754 1001 2827 trado
1014 2765 1126 2848 atque
1141 2755 1361 2830 transfundo
1375 2778 1456 2855 per·

185 2851 383 2952 petualiter
397 2851 445 2924 ad
459 2853 723 2947 poffidendum,
748 2853 821 2940 ita,
848 2863 891 2926 ut
905 2853 951 2926 ab
964 2854 1036 2926 hac
1051 2853 1110 2926 die
1124 2853 1294 2930 habeatis
1302 2855 1385 2951 jure
1400 2873 1457 2934 te·

138 2948 142 2956 ’
187 2953 324 3039 nendi,
349 2950 535 3038 habendi,
560 2949 721 3026 donandi
755 2965 868 3046 atque
889 2951 1112 3048 pollrdendi,
1135 2955 1369 3047 comutandi,
1395 2963 1457 3038 vel

187 3053 364 3155 quidquid
378 3052 511 3129 exinde
533 3051 653 3127 facere
670 3072 736 3150 pro
754 3053 914 3129 utilitate
934 3050 1101 3149 ejusdem
1123 3057 1330 3160 monasterii
1351 3064 1457 3140 volu·

187 3158 307 3252 eritis,
320 3157 478 3232 liberam
496 3177 538 3229 ac
554 3151 791 3229 firmillrmam
806 3155 845 3230 in
859 3156 1033 3232 omnibus
1046 3153 1216 3235 habeatis
1228 3161 1454 3259 potestatem.

187 3259 227 3336 Si
244 3259 325 3358 quis
340 3281 447 3344 vero,
474 3257 573 3356 quod
588 3257 754 3332 futurum
770 3255 837 3332 elle
853 3258 1006 3334 minime
1020 3261 1155 3348 credo,
1175 3261 1200 3337 ᾗ
1217 3285 1288 3359 ego
1303 3265 1376 3364 ipse
1390 3280 1457 3343 aut

188 3362 289 3438 ullus
303 3363 349 3440 de
362 3360 561 3439 heredibus
575 3361 635 3436 vel
650 3357 930 3458 proheredibus,
957 3361 1019 3436 seu
1034 3361 1210 3458 quislibet
1223 3388 1271 3440 ex
1285 3365 1458 3465 oppofitis

187 3464 374 3562 perionis,
413 3464 476 3563 qui
497 3475 625 3544 contra
646 3461 743 3536 hanc
770 3463 1007 3538 donationem
1034 3487 1057 3540 a
1079 3487 1142 3540 me
1170 3464 1305 3542 fastam
1331 3467 1457 3546 venire

191 3567 448 3662 temptaverit,
475 3579 541 3642 aut
562 3588 646 3642 eam
667 3561 864 3660 infringere
878 3565 939 3640 vel
964 3564 1151 3641 inmutare
1169 3568 1346 3656 voluerit,
1372 3569 1459 3668 quia

189 3666 283 3740 nulli
300 3668 520 3745 maledicere
537 3669 643 3757 volo,
668 3681 800 3742 caveat
816 3665 1082 3762 unusquisque,
1097 3691 1145 3741 ne
1166 3690 1231 3765 pro
1256 3683 1335 3746 tam
1356 3672 1459 3749 nesa-

189 3767 244 3841 rio
259 3767 350 3843 ausu
364 3771 457 3844 iram
482 3771 549 3846 Dei
566 3769 828 3869 omnipotentis
853 3767 892 3845 dr
916 3767 1026 3842 sanni
1046 3769 1193 3845 Nazarii
1209 3771 1395 3863 incurrat,
1420 3773 1461 3853 dr

187 3869 335 3968 insuper
355 3871 491 3946 inferat
514 3895 699 3948 unacum
721 3885 874 3968 cogente
899 3869 982 3946 fisco
1004 3871 1084 3946 auri
1104 3871 1237 3948 libram
1247 3872 1289 3971 j,
1315 3880 1460 3974 argenti

187 3973 348 4074 pondera
359 3969 388 4074 jj
406 3975 528 4052 multa
549 3973 742 4064 sustineat,
757 3972 806 4167 gr
822 3973 920 4070 quod
932 3974 1064 4076 repetit
1077 3975 1292 4058 evendicare
1305 4003 1461 4161 pontva·

366 4095 370 4102 ·
804 4098 867 4179 qq
892 4099 915 4174 3
1235 4128 1239 4134 ·
1332 4105 1406 4164 ea.
