4000 5417
420 532 423 539 -
516 502 568 584 24
888 472 1075 555 Cnnou.
1103 493 1166 550 aa
1190 468 1411 553 crines

515 644 1048 673 W
1072 668 1078 677 v

517 834 694 953 praefata
721 828 821 919 vilia
847 822 1043 921 Alesiaim
1071 824 1151 915 Sto
1178 822 1366 914 Nazario
1402 819 1476 911 sub
1504 822 1582 911 hac
1610 822 1787 943 audiari-

409 1028 415 1041 .
519 970 608 1037 tate
636 944 820 1034 tradidit.
1089 1066 1217 1162 XLV

794 1202 990 1337 Largirio
1006 1204 1037 1263 i*
1067 1200 1207 1291 Caroli
1236 1198 1278 1288 in
1302 1200 1512 1294 Alrsbeim.
1590 1275 1595 1287 .

548 1364 741 1445 nnomine
766 1363 894 1438 sanstae
919 1358 1178 1436 &individuae
1203 1358 1402 1435 Trinitatis
1454 1360 1640 1437 Cinorus
1662 1357 1790 1435 divina

475 1484 476 1489 ’
574 1470 721 1544 favente
737 1463 933 1541 clementia
947 1462 1144 1561 imperator
1163 1457 1365 1556 Augustus.
1416 1460 1458 1536 Si
1471 1462 1563 1537 locis
1587 1460 1665 1535 Deo
1685 1460 1790 1536 dica«

522 1571 573 1647 tis
586 1594 634 1645 ex
650 1567 778 1642 nostris
792 1566 900 1641 rebus
913 1584 979 1663 pro
1003 1564 1072 1638 Dei
1087 1582 1236 1649 amore,
1262 1560 1301 1638 dt
1316 1563 1478 1637 remedio
1492 1564 1626 1659 animae
1641 1560 1787 1649 nostrae,

522 1672 770 1769 &parentum
789 1666 990 1747 nostrorum
1010 1664 1151 1761 aliquid
1172 1663 1395 1739 conferimus
1420 1663 1459 1739 dt
1471 1664 1690 1740 neceffitates
1711 1661 1788 1737 ser·

523 1794 657 1848 vorum
685 1770 754 1846 Dei
770 1768 902 1845 affidue
923 1766 988 1842 fibi
1007 1764 1269 1841 famulantium
1283 1764 1403 1840 nostro
1424 1764 1655 1841 sublevamus
1675 1761 1790 1860 juva·

523 1874 651 1967 mine;
680 1871 717 1945 id
731 1871 859 1970 procul
880 1869 991 1945 dubio
1011 1866 1049 1944 dt
1074 1868 1180 1943 nobis
1201 1867 1249 1941 ad
1277 1882 1459 1953 ,aeternam
1481 1869 1600 1943 vitam
1630 1866 1789 1941 feliciter

523 1970 831 2061 obtinendam&
843 1982 1038 2070 parentum
1055 1968 1255 2044 nostrorum
1273 1970 1467 2046 animabus
1481 1970 1529 2043 ad
1538 1969 1787 2045 veniam'con-

522 2076 745 2173 sequendam
764 2073 998 2173 profuturum
1013 2070 1152 2168 liquido
1166 2070 1363 2145 credimus.
1417 2073 1499 2157 Qua
1515 2072 1561 2144 de
1582 2070 1691 2145 causa
1705 2093 1786 2145 om·

521 2182 627 2257 nium
644 2176 773 2253 sanetae
799 2175 869 2248 Dei
882 2172 1044 2249 ecclefibe
1060 2172 1242 2259 fidelium,
1267 2170 1540 2269 nostrorumque
1553 2171 1788 2271 praesentium

522 2278 660 2354 scilicet
673 2275 713 2353 δι
738 2274 946 2350 futurorum
972 2274 1176 2372 comperiat
1201 2274 1444 2371 magnitudo,
1470 2276 1627 2370 qualiter
1644 2296 1713 2347 nos
1735 2273 1786 2349 ob

523 2400 689 2456 amorem
715 2376 784 2450 Dei
817 2374 855 2451 dt
881 2372 1121 2451 remiffionem
1146 2390 1382 2473 peccatorum
1411 2374 1637 2463 nostrorum,
1668 2387 1784 2469 atque

432 2540 435 2549 .
522 2474 766 2579 pro'remedio
783 2474 992 2550 animarum
1016 2476 1088 2573 piae
1101 2476 1362 2551 recordationis
1375 2478 1551 2573 genitoris
1564 2476 1673 2552 nostri
1686 2476 1784 2551 Hlu-

524 2577 684 2665 dowici,
710 2600 776 2651 nec
797 2601 871 2650 non
891 2576 929 2653 dt
949 2576 1145 2651 charissimi
1165 2578 1290 2652 fratris
1305 2578 1414 2654 nostri
1439 2579 1680 2665 Hludowici,
1705 2580 1784 2673 glo-

523 2679 791 2756 riofiffimorum
823 2698 979 2773 regum,
1005 2678 1054 2753 ad
1077 2678 1364 2768 monasterium,
1389 2674 1490 2777 quod
1512 2695 1666 2757 vocatur
1688 2679 1785 2754 Lau·

450 2832 454 2847 .
524 2780 686 2881 rusiam,
712 2778 776 2858 ubi
797 2778 937 2855 sanstus
962 2779 1142 2855 Nazarius
1164 2804 1313 2881 corpore
1338 2781 1555 2880 requiescit,
1581 2780 1785 2883 &praefati

523 2904 630 2979 reges
641 2878 788 2957 humati
801 2880 1003 2971 habentur,
1029 2880 1275 2981 exspectantes
1289 2884 1388 2961 diem
1412 2884 1695 2972 resurrectionis,
1718 2881 1785 2960 ubi

429 3000 433 3007 “
523 2984 737 3061 Gerhardus
757 2982 875 3059 'abbas
900 2982 938 3059 dr
964 2983 1078 3061 reaor
1101 2982 1268 3079 ejusdem
1293 2984 1499 3064 monasterii
1523 2986 1592 3062 effe
1618 2988 1785 3077 videtur,

445 3151 454 3177 .,
522 3086 702 3183 quasdam
718 3108 776 3159 res
785 3082 879 3180 juris
892 3082 1002 3159 nostri
1017 3082 1128 3180 injus
1143 3139 1155 3173 ,
1181 3086 1219 3163 ὅ(
1239 3090 1494 3187 proprietatem
1508 3100 1683 3183 perpetuo
1695 3110 1783 3182 pos-

523 3184 711 3262 fidendum
737 3185 996 3275 conceiiimus,
1029 3187 1203 3262 videlicet
1214 3188 1253 3263 in
1278 3194 1436 3263 comitatu
1471 3186 1708 3288 Wormatienfi
1729 3188 1782 3263 ad

522 3288 679 3377 villam,
706 3290 789 3385 qua'e
815 3286 949 3362 dicitur
972 3288 1158 3376 Alesiam,
1177 3304 1319 3366 curtem
1335 3290 1653 3376 indominicatam,
1688 3286 1782 3365 ficut
1805 3328 1810 3335 ·

522 3388 571 3465 ad
594 3390 851 3488 imperatorem
877 3388 1060 3487 pertinet,
1086 3412 1173 3463 cum
1197 3391 1349 3481 manfis,
1376 3390 1558 3479 aedificiis,
1581 3390 1778 3485 utriusque

520 3488 628 3575 sexus
652 3490 866 3587 mancipiis,
894 3490 1019 3578 terris,
1044 3490 1176 3589 pratis,
1201 3492 1337 3583 vineis,
1364 3494 1495 3591 sylvis,
1520 3493 1628 3568 cultis
1651 3490 1691 3568 dt
1722 3491 1778 3565 in·

522 3593 660 3680 cultis,
686 3591 847 3691 pascuis,
873 3592 996 3689 aquiS,
1023 3614 1251 3688 aquarumve
1265 3595 1500 3683 decursibus,
1527 3592 1647 3671 viis&
1666 3593 1778 3667 inviis

519 3691 558 3768 ἃ
574 3690 823 3787 adjacentibus
837 3690 988 3781 finibus,
1014 3692 1052 3769 δι
1066 3696 1190 3770 omnia
1200 3696 1248 3771 ad
1273 3698 1306 3771 se
1317 3696 1399 3793 jure
1413 3698 1581 3792 legitimo
1598 3696 1778 3795 pertinen·

517 3794 594 3883 tia,
621 3818 665 3868 eo
683 3794 818 3869 scilicet
832 3795 984 3891 rationis
998 3806 1149 3883 tenore,
1176 3812 1219 3873 ut
1231 3816 1406 3896 perpetuo
1428 3798 1622 3873 monachis
1643 3798 1777 3871 ibidem

514 3892 594 3969 Deo
610 3896 876 3991 famulantibus
891 3896 927 3967 in
942 3894 1063 3969 usibus
1083 3898 1329 3992 deputentur,
1356 3915 1467 3997 atque
1490 3898 1701 3975 indeficiens
1721 3900 1777 3973 lu·

512 3997 671 4073 minaria
692 3997 825 4089 exinde
847 3995 886 4071 in
900 3994 1075 4085 ecclefia,
1103 3996 1166 4071 ubi
1181 4001 1327 4099 praefati
1350 4004 1419 4079 viri
1430 4001 1683 4100 requiescunt,
1708 4000 1777 4076 ha·
1871 4048 1876 4055 ·
