<?xml version="1.0" encoding="UTF-8"?>
<!DOCTYPE html PUBLIC "-//W3C//DTD XHTML 1.0 Transitional//EN"
    "http://www.w3.org/TR/xhtml1/DTD/xhtml1-transitional.dtd">
<html xmlns="http://www.w3.org/1999/xhtml" xml:lang="en" lang="en">
 <head>
  <title>
</title>
<meta http-equiv="Content-Type" content="text/html;charset=utf-8" />
  <meta name='ocr-system' content='tesseract 3.04.00' />
  <meta name='ocr-capabilities' content='ocr_page ocr_carea ocr_par ocr_line ocrx_word'/>
</head>
<body>
  <div class='ocr_page' id='page_1' title='image "./codexprincipiso00egyegoog_0243.png"; bbox 0 0 4000 5417; ppageno 0'>
   <div class='ocr_carea' id='block_1_1' title="bbox 513 356 1496 507">
    <p class='ocr_par' dir='ltr' id='par_1_1' title="bbox 513 356 1496 507">
     <span class='ocr_line' id='line_1_1' title="bbox 513 356 1496 507; baseline 0.002 -28"><span class='ocrx_word' id='word_1_1' title='bbox 513 401 618 480; x_wconf 77' lang='lat' dir='ltr'><strong>Suc.</strong></span> <span class='ocrx_word' id='word_1_2' title='bbox 646 399 700 477; x_wconf 90' lang='lat' dir='ltr'><strong>XI</strong></span> <span class='ocrx_word' id='word_1_3' title='bbox 725 356 989 500; x_wconf 73' lang='lat' dir='ltr'><strong>Henisrco</strong></span> <span class='ocrx_word' id='word_1_4' title='bbox 1016 399 1069 482; x_wconf 90' lang='lat' dir='ltr'><strong>IV</strong></span> <span class='ocrx_word' id='word_1_5' title='bbox 1094 423 1201 476; x_wconf 77' lang='lat' dir='ltr'><strong>rur.</strong></span> <span class='ocrx_word' id='word_1_6' title='bbox 1421 426 1496 507; x_wconf 76' lang='lat'><strong>205</strong></span> 
     </span>
    </p>
   </div>
   <div class='ocr_carea' id='block_1_2' title="bbox 1322 619 1498 645">
    <p class='ocr_par' dir='ltr' id='par_1_2' title="bbox 1322 619 1498 645">
     <span class='ocr_line' id='line_1_2' title="bbox 1322 619 1498 645; baseline 0.006 -7"><span class='ocrx_word' id='word_1_7' title='bbox 1322 619 1498 645; x_wconf 47' lang='grc' dir='ltr'><em>Ἣ</em></span> 
     </span>
    </p>
   </div>
   <div class='ocr_carea' id='block_1_3' title="bbox 141 698 1530 1606">
    <p class='ocr_par' dir='ltr' id='par_1_3' title="bbox 141 698 1530 1606">
     <span class='ocr_line' id='line_1_3' title="bbox 229 698 1494 819; baseline -0.002 -27"><span class='ocrx_word' id='word_1_8' title='bbox 229 705 406 807; x_wconf 88' lang='lat' dir='ltr'><strong>clamor,</strong></span> <span class='ocrx_word' id='word_1_9' title='bbox 435 734 518 790; x_wconf 88' lang='lat' dir='ltr'><strong>una</strong></span> <span class='ocrx_word' id='word_1_10' title='bbox 536 712 627 791; x_wconf 80' lang='lat' dir='ltr'><strong>vox</strong></span> <span class='ocrx_word' id='word_1_11' title='bbox 643 725 734 790; x_wconf 89' lang='lat' dir='ltr'><strong>erat</strong></span> <span class='ocrx_word' id='word_1_12' title='bbox 749 707 950 792; x_wconf 88' lang='lat' dir='ltr'><strong>omnium.</strong></span> <span class='ocrx_word' id='word_1_13' title='bbox 978 703 1023 793; x_wconf 94' lang='lat' dir='ltr'>O</span> <span class='ocrx_word' id='word_1_14' title='bbox 1040 698 1171 807; x_wconf 86' lang='lat' dir='ltr'><strong>lacer,</strong></span> <span class='ocrx_word' id='word_1_15' title='bbox 1191 702 1410 790; x_wconf 90' lang='lat' dir='ltr'><strong>oclemens</strong></span> <span class='ocrx_word' id='word_1_16' title='bbox 1424 732 1494 819; x_wconf 88' lang='lat' dir='ltr'><strong>pa·</strong></span> 
     </span>
     <span class='ocr_line' id='line_1_4' title="bbox 229 814 1520 934; baseline -0.001 -29"><span class='ocrx_word' id='word_1_17' title='bbox 229 841 315 922; x_wconf 90' lang='lat' dir='ltr'><strong>ter,</strong></span> <span class='ocrx_word' id='word_1_18' title='bbox 344 818 583 932; x_wconf 83' lang='lat' dir='ltr'><strong>&amp;patrone</strong></span> <span class='ocrx_word' id='word_1_19' title='bbox 609 817 793 905; x_wconf 86' lang='lat' dir='ltr'><strong>Nazari!</strong></span> <span class='ocrx_word' id='word_1_20' title='bbox 817 815 1073 934; x_wconf 81' lang='lat' dir='ltr'>supplicibus</span> <span class='ocrx_word' id='word_1_21' title='bbox 1099 815 1266 904; x_wconf 88' lang='lat' dir='ltr'><strong>famulis</strong></span> <span class='ocrx_word' id='word_1_22' title='bbox 1290 814 1520 905; x_wconf 76' lang='lat' dir='ltr'><strong>auxiliare-</strong></span> 
     </span>
     <span class='ocr_line' id='line_1_5' title="bbox 141 927 1494 1062; baseline -0.001 -44"><span class='ocrx_word' id='word_1_23' title='bbox 141 941 144 950; x_wconf 80' lang='grc'><em>“</em></span> <span class='ocrx_word' id='word_1_24' title='bbox 228 936 335 1032; x_wconf 91' lang='lat' dir='ltr'><strong>tuis,</strong></span> <span class='ocrx_word' id='word_1_25' title='bbox 360 927 562 1043; x_wconf 80' lang='lat' dir='ltr'><strong>familiam</strong></span> <span class='ocrx_word' id='word_1_26' title='bbox 580 931 691 1062; x_wconf 80' lang='lat' dir='ltr'><strong>quafi</strong></span> <span class='ocrx_word' id='word_1_27' title='bbox 708 950 825 1016; x_wconf 89' lang='lat' dir='ltr'><strong>tuam</strong></span> <span class='ocrx_word' id='word_1_28' title='bbox 843 932 1050 1046; x_wconf 87' lang='lat' dir='ltr'><strong>propitius</strong></span> <span class='ocrx_word' id='word_1_29' title='bbox 1065 927 1217 1045; x_wconf 82' lang='lat' dir='ltr'>respice</span> <span class='ocrx_word' id='word_1_30' title='bbox 1235 994 1246 1034; x_wconf 94' lang='lat'><strong>,</strong></span> <span class='ocrx_word' id='word_1_31' title='bbox 1275 952 1324 1016; x_wconf 91' lang='lat' dir='ltr'><strong>ut</strong></span> <span class='ocrx_word' id='word_1_32' title='bbox 1341 954 1383 1018; x_wconf 87' lang='lat' dir='ltr'><strong>te</strong></span> <span class='ocrx_word' id='word_1_33' title='bbox 1399 953 1494 1044; x_wconf 86' lang='lat' dir='ltr'><strong>pro·</strong></span> 
     </span>
     <span class='ocr_line' id='line_1_6' title="bbox 228 1041 1530 1156; baseline -0.002 -26"><span class='ocrx_word' id='word_1_34' title='bbox 228 1063 395 1156; x_wconf 89' lang='lat' dir='ltr'><strong>tegente</strong></span> <span class='ocrx_word' id='word_1_35' title='bbox 416 1044 468 1128; x_wconf 89' lang='lat' dir='ltr'><strong>ab</strong></span> <span class='ocrx_word' id='word_1_36' title='bbox 488 1070 605 1126; x_wconf 78' lang='lat' dir='ltr'><strong>omni</strong></span> <span class='ocrx_word' id='word_1_37' title='bbox 633 1042 878 1130; x_wconf 89' lang='lat' dir='ltr'><strong>adverfitate</strong></span> <span class='ocrx_word' id='word_1_38' title='bbox 895 1044 942 1128; x_wconf 86' lang='lat' dir='ltr'><strong>fit</strong></span> <span class='ocrx_word' id='word_1_39' title='bbox 960 1041 1108 1144; x_wconf 91' lang='lat' dir='ltr'><strong>libera,</strong></span> <span class='ocrx_word' id='word_1_40' title='bbox 1138 1044 1184 1130; x_wconf 69' lang='grc' dir='ltr'><strong>ὃ(</strong></span> <span class='ocrx_word' id='word_1_41' title='bbox 1201 1047 1380 1130; x_wconf 86' lang='lat' dir='ltr'><strong>inbonis</strong></span> <span class='ocrx_word' id='word_1_42' title='bbox 1397 1043 1495 1130; x_wconf 78' lang='lat' dir='ltr'><strong>atti·</strong></span> <span class='ocrx_word' id='word_1_43' title='bbox 1518 1083 1530 1106; x_wconf 47' lang='lat' dir='ltr'>x</span> 
     </span>
     <span class='ocr_line' id='line_1_7' title="bbox 227 1153 1492 1246; baseline -0.005 0"><span class='ocrx_word' id='word_1_44' title='bbox 227 1159 308 1246; x_wconf 92' lang='lat' dir='ltr'><strong>bus</strong></span> <span class='ocrx_word' id='word_1_45' title='bbox 324 1176 400 1241; x_wconf 92' lang='lat' dir='ltr'><strong>tuo</strong></span> <span class='ocrx_word' id='word_1_46' title='bbox 418 1155 566 1240; x_wconf 93' lang='lat' dir='ltr'><strong>honori</strong></span> <span class='ocrx_word' id='word_1_47' title='bbox 591 1155 640 1240; x_wconf 89' lang='lat' dir='ltr'><strong>lit</strong></span> <span class='ocrx_word' id='word_1_48' title='bbox 656 1153 824 1242; x_wconf 88' lang='lat' dir='ltr'><strong>devota.</strong></span> <span class='ocrx_word' id='word_1_49' title='bbox 881 1155 1057 1242; x_wconf 84' lang='lat' dir='ltr'><strong>Accellrt</strong></span> <span class='ocrx_word' id='word_1_50' title='bbox 1075 1155 1178 1242; x_wconf 85' lang='lat' dir='ltr'><strong>-huic</strong></span> <span class='ocrx_word' id='word_1_51' title='bbox 1203 1153 1352 1243; x_wconf 69' lang='lat' dir='ltr'><strong>santiae</strong></span> <span class='ocrx_word' id='word_1_52' title='bbox 1388 1153 1492 1242; x_wconf 76' lang='lat' dir='ltr'><strong>lteri·</strong></span> 
     </span>
     <span class='ocr_line' id='line_1_8' title="bbox 228 1267 1492 1380; baseline -0.001 -26"><span class='ocrx_word' id='word_1_53' title='bbox 228 1271 302 1354; x_wconf 85' lang='lat' dir='ltr'><strong>tiae</strong></span> <span class='ocrx_word' id='word_1_54' title='bbox 323 1268 494 1356; x_wconf 90' lang='lat' dir='ltr'><strong>evidens</strong></span> <span class='ocrx_word' id='word_1_55' title='bbox 521 1270 607 1356; x_wconf 92' lang='lat' dir='ltr'><strong>Dei</strong></span> <span class='ocrx_word' id='word_1_56' title='bbox 632 1271 778 1380; x_wconf 88' lang='lat' dir='ltr'><strong>gratia.</strong></span> <span class='ocrx_word' id='word_1_57' title='bbox 807 1267 922 1355; x_wconf 90' lang='lat' dir='ltr'><strong>Nam</strong></span> <span class='ocrx_word' id='word_1_58' title='bbox 941 1297 1037 1352; x_wconf 91' lang='lat' dir='ltr'><strong>cum</strong></span> <span class='ocrx_word' id='word_1_59' title='bbox 1057 1268 1100 1354; x_wconf 72' lang='lat' dir='ltr'><strong>bt</strong></span> <span class='ocrx_word' id='word_1_60' title='bbox 1128 1298 1186 1356; x_wconf 84' lang='lat' dir='ltr'><strong>ex</strong></span> <span class='ocrx_word' id='word_1_61' title='bbox 1203 1269 1492 1356; x_wconf 87' lang='lat' dir='ltr'><strong>confertillrma</strong></span> 
     </span>
     <span class='ocr_line' id='line_1_9' title="bbox 176 1378 1492 1496; baseline 0.006 -34"><span class='ocrx_word' id='word_1_62' title='bbox 176 1453 181 1462; x_wconf 82' lang='grc'>.</span> <span class='ocrx_word' id='word_1_63' title='bbox 221 1379 514 1482; x_wconf 83' lang='lat' dir='ltr'><strong>multitudine,</strong></span> <span class='ocrx_word' id='word_1_64' title='bbox 533 1380 578 1467; x_wconf 72' lang='lat' dir='ltr'><strong>br</strong></span> <span class='ocrx_word' id='word_1_65' title='bbox 595 1410 652 1467; x_wconf 87' lang='lat' dir='ltr'><strong>ex</strong></span> <span class='ocrx_word' id='word_1_66' title='bbox 672 1383 801 1465; x_wconf 89' lang='lat' dir='ltr'><strong>nimia</strong></span> <span class='ocrx_word' id='word_1_67' title='bbox 816 1379 946 1466; x_wconf 88' lang='lat' dir='ltr'><strong>aestivi</strong></span> <span class='ocrx_word' id='word_1_68' title='bbox 965 1378 1115 1466; x_wconf 89' lang='lat' dir='ltr'><strong>caloris</strong></span> <span class='ocrx_word' id='word_1_69' title='bbox 1133 1383 1388 1496; x_wconf 87' lang='lat' dir='ltr'><strong>intemperie,</strong></span> <span class='ocrx_word' id='word_1_70' title='bbox 1402 1384 1492 1492; x_wconf 84' lang='lat' dir='ltr'><strong>jam</strong></span> 
     </span>
     <span class='ocr_line' id='line_1_10' title="bbox 208 1488 1492 1606; baseline -0.001 -26"><span class='ocrx_word' id='word_1_71' title='bbox 208 1499 322 1580; x_wconf 85' lang='lat' dir='ltr'><strong>&#39;tum</strong></span> <span class='ocrx_word' id='word_1_72' title='bbox 340 1498 459 1580; x_wconf 84' lang='lat' dir='ltr'><strong>erant</strong></span> <span class='ocrx_word' id='word_1_73' title='bbox 486 1523 609 1580; x_wconf 88' lang='lat' dir='ltr'><strong>nonae</strong></span> <span class='ocrx_word' id='word_1_74' title='bbox 634 1488 777 1600; x_wconf 72' lang='lat' dir='ltr'><strong>¹Junii,</strong></span> <span class='ocrx_word' id='word_1_75' title='bbox 807 1489 928 1578; x_wconf 91' lang='lat' dir='ltr'><strong>multi</strong></span> <span class='ocrx_word' id='word_1_76' title='bbox 943 1492 1048 1577; x_wconf 89' lang='lat' dir='ltr'><strong>adeo</strong></span> <span class='ocrx_word' id='word_1_77' title='bbox 1067 1494 1417 1606; x_wconf 82' lang='lat' dir='ltr'><strong>decoquerentur,</strong></span> <span class='ocrx_word' id='word_1_78' title='bbox 1442 1513 1492 1580; x_wconf 87' lang='lat' dir='ltr'><strong>ut</strong></span> 
     </span>
    </p>
   </div>
   <div class='ocr_carea' id='block_1_4' title="bbox 227 1601 1630 1729">
    <p class='ocr_par' dir='ltr' id='par_1_4' title="bbox 227 1601 1630 1729">
     <span class='ocr_line' id='line_1_11' title="bbox 227 1601 1630 1729; baseline -0.001 -39"><span class='ocrx_word' id='word_1_79' title='bbox 227 1628 470 1692; x_wconf 86' lang='lat' dir='ltr'><strong>extremum</strong></span> <span class='ocrx_word' id='word_1_80' title='bbox 497 1605 724 1693; x_wconf 76' lang='lat' dir='ltr'><strong>traherent</strong></span> <span class='ocrx_word' id='word_1_81' title='bbox 738 1602 927 1721; x_wconf 88' lang='lat' dir='ltr'><strong>spiritum</strong></span> <span class='ocrx_word' id='word_1_82' title='bbox 946 1667 957 1709; x_wconf 99' lang='lat'><strong>,</strong></span> <span class='ocrx_word' id='word_1_83' title='bbox 977 1601 1120 1690; x_wconf 76' lang='lat' dir='ltr'><strong>subito</strong></span> <span class='ocrx_word' id='word_1_84' title='bbox 1148 1635 1190 1688; x_wconf 89' lang='lat' dir='ltr'><strong>m</strong></span> <span class='ocrx_word' id='word_1_85' title='bbox 1215 1603 1301 1729; x_wconf 72' lang='lat' dir='ltr'><strong>ipio</strong></span> <span class='ocrx_word' id='word_1_86' title='bbox 1325 1608 1493 1695; x_wconf 88' lang='lat' dir='ltr'><strong>fervore</strong></span> <span class='ocrx_word' id='word_1_87' title='bbox 1623 1710 1630 1727; x_wconf 81' lang='lat'><strong>,</strong></span> 
     </span>
    </p>
   </div>
   <div class='ocr_carea' id='block_1_5' title="bbox 154 1713 1584 2394">
    <p class='ocr_par' dir='ltr' id='par_1_5' title="bbox 154 1713 1584 2167">
     <span class='ocr_line' id='line_1_12' title="bbox 227 1713 1492 1831; baseline -0.001 -27"><span class='ocrx_word' id='word_1_88' title='bbox 227 1719 339 1820; x_wconf 92' lang='lat' dir='ltr'><strong>diei,</strong></span> <span class='ocrx_word' id='word_1_89' title='bbox 370 1715 437 1802; x_wconf 91' lang='lat' dir='ltr'><strong>ille</strong></span> <span class='ocrx_word' id='word_1_90' title='bbox 456 1723 528 1831; x_wconf 94' lang='lat' dir='ltr'><strong>qui</strong></span> <span class='ocrx_word' id='word_1_91' title='bbox 578 1720 741 1804; x_wconf 91' lang='lat' dir='ltr'><strong>roducit</strong></span> <span class='ocrx_word' id='word_1_92' title='bbox 755 1741 936 1819; x_wconf 90' lang='lat' dir='ltr'><strong>ventos,</strong></span> <span class='ocrx_word' id='word_1_93' title='bbox 965 1717 1017 1800; x_wconf 90' lang='lat' dir='ltr'><strong>de</strong></span> <span class='ocrx_word' id='word_1_94' title='bbox 1034 1713 1237 1802; x_wconf 81' lang='lat' dir='ltr'><strong>thesauris</strong></span> <span class='ocrx_word' id='word_1_95' title='bbox 1252 1717 1334 1802; x_wconf 90' lang='lat' dir='ltr'><strong>luis</strong></span> <span class='ocrx_word' id='word_1_96' title='bbox 1357 1719 1492 1803; x_wconf 88' lang='lat' dir='ltr'><strong>emifit</strong></span> 
     </span>
     <span class='ocr_line' id='line_1_13' title="bbox 226 1747 1584 1945; baseline -0.002 -28"><span class='ocrx_word' id='word_1_97' title='bbox 226 1854 403 1917; x_wconf 89' lang='lat' dir='ltr'><strong>ventum</strong></span> <span class='ocrx_word' id='word_1_98' title='bbox 419 1835 527 1916; x_wconf 88' lang='lat' dir='ltr'><strong>roris</strong></span> <span class='ocrx_word' id='word_1_99' title='bbox 543 1747 714 1917; x_wconf 77' lang='lat' dir='ltr'><strong>llantem</strong></span> <span class='ocrx_word' id='word_1_100' title='bbox 733 1871 746 1931; x_wconf 80' lang='lat'><strong>,</strong></span> <span class='ocrx_word' id='word_1_101' title='bbox 774 1831 819 1917; x_wconf 67' lang='grc' dir='ltr'>ἃ</span> <span class='ocrx_word' id='word_1_102' title='bbox 837 1831 925 1945; x_wconf 90' lang='lat' dir='ltr'><strong>post</strong></span> <span class='ocrx_word' id='word_1_103' title='bbox 940 1830 1080 1941; x_wconf 88' lang='lat' dir='ltr'><strong>ignem</strong></span> <span class='ocrx_word' id='word_1_104' title='bbox 1096 1829 1140 1914; x_wconf 74' lang='lat' dir='ltr'><strong>or</strong></span> <span class='ocrx_word' id='word_1_105' title='bbox 1166 1831 1493 1915; x_wconf 84' lang='lat' dir='ltr'><strong>commotionem</strong></span> <span class='ocrx_word' id='word_1_106' title='bbox 1580 1837 1584 1844; x_wconf 85' lang='lat'>&#39;</span> 
     </span>
     <span class='ocr_line' id='line_1_14' title="bbox 225 1939 1492 2044; baseline 0.002 -17"><span class='ocrx_word' id='word_1_107' title='bbox 225 1941 343 2028; x_wconf 90' lang='lat' dir='ltr'><strong>llavit</strong></span> <span class='ocrx_word' id='word_1_108' title='bbox 360 1939 496 2027; x_wconf 82' lang='lat' dir='ltr'><strong>fibilus</strong></span> <span class='ocrx_word' id='word_1_109' title='bbox 524 1973 638 2028; x_wconf 86' lang='lat' dir='ltr'><strong>aurae</strong></span> <span class='ocrx_word' id='word_1_110' title='bbox 654 1947 821 2044; x_wconf 77' lang='lat' dir='ltr'><strong>tenuiS,</strong></span> <span class='ocrx_word' id='word_1_111' title='bbox 850 1945 894 2030; x_wconf 74' lang='lat' dir='ltr'><strong>or</strong></span> <span class='ocrx_word' id='word_1_112' title='bbox 922 1969 1023 2028; x_wconf 89' lang='lat' dir='ltr'><strong>vere</strong></span> <span class='ocrx_word' id='word_1_113' title='bbox 1047 1942 1103 2025; x_wconf 94' lang='lat' dir='ltr'><strong>ibi</strong></span> <span class='ocrx_word' id='word_1_114' title='bbox 1131 1940 1355 2026; x_wconf 73' lang='lat' dir='ltr'><strong>Dominus,</strong></span> <span class='ocrx_word' id='word_1_115' title='bbox 1411 1940 1492 2030; x_wconf 73' lang='lat' dir='ltr'><strong>Cu</strong></span> 
     </span>
     <span class='ocr_line' id='line_1_15' title="bbox 154 2049 1535 2167; baseline -0.003 -26"><span class='ocrx_word' id='word_1_116' title='bbox 154 2130 156 2141; x_wconf 92' lang='lat'><em>.</em></span> <span class='ocrx_word' id='word_1_117' title='bbox 221 2055 291 2162; x_wconf 86' lang='lat' dir='ltr'><strong>jus</strong></span> <span class='ocrx_word' id='word_1_118' title='bbox 308 2053 522 2167; x_wconf 89' lang='lat' dir='ltr'><strong>refrigerio</strong></span> <span class='ocrx_word' id='word_1_119' title='bbox 551 2059 609 2140; x_wconf 89' lang='lat' dir='ltr'><strong>ita</strong></span> <span class='ocrx_word' id='word_1_120' title='bbox 623 2085 771 2140; x_wconf 89' lang='lat' dir='ltr'><strong>omnes</strong></span> <span class='ocrx_word' id='word_1_121' title='bbox 796 2051 965 2165; x_wconf 66' lang='lat' dir='ltr'><strong>refelli,</strong></span> <span class='ocrx_word' id='word_1_122' title='bbox 995 2056 1054 2137; x_wconf 89' lang='lat' dir='ltr'><strong>ita</strong></span> <span class='ocrx_word' id='word_1_123' title='bbox 1072 2049 1274 2138; x_wconf 79' lang='lat' dir='ltr'><strong>refocilari</strong></span> <span class='ocrx_word' id='word_1_124' title='bbox 1294 2050 1415 2154; x_wconf 86' lang='lat' dir='ltr'><strong>lunt,</strong></span> <span class='ocrx_word' id='word_1_125' title='bbox 1441 2075 1492 2138; x_wconf 90' lang='lat' dir='ltr'><strong>ut</strong></span> <span class='ocrx_word' id='word_1_126' title='bbox 1529 2077 1535 2090; x_wconf 89' lang='lat'><strong>·</strong></span> 
     </span>
    </p>

    <p class='ocr_par' dir='ltr' id='par_1_6' title="bbox 179 2160 1584 2394">
     <span class='ocr_line' id='line_1_16' title="bbox 179 2160 1584 2276; baseline -0.001 -27"><span class='ocrx_word' id='word_1_127' title='bbox 179 2173 205 2249; x_wconf 86' lang='lat'><strong>.&#39;</strong></span> <span class='ocrx_word' id='word_1_128' title='bbox 222 2165 330 2248; x_wconf 86' lang='lat' dir='ltr'><strong>hanc</strong></span> <span class='ocrx_word' id='word_1_129' title='bbox 372 2168 523 2250; x_wconf 88' lang='lat' dir='ltr'><strong>ratiam</strong></span> <span class='ocrx_word' id='word_1_130' title='bbox 543 2170 705 2252; x_wconf 88' lang='lat' dir='ltr'><strong>meritis</strong></span> <span class='ocrx_word' id='word_1_131' title='bbox 721 2170 831 2254; x_wconf 88' lang='lat' dir='ltr'><strong>beati</strong></span> <span class='ocrx_word' id='word_1_132' title='bbox 847 2170 1047 2276; x_wconf 86' lang='lat' dir='ltr'><strong>martyris</strong></span> <span class='ocrx_word' id='word_1_133' title='bbox 1068 2162 1349 2266; x_wconf 81' lang='lat' dir='ltr'><strong>alleriberent,</strong></span> <span class='ocrx_word' id='word_1_134' title='bbox 1367 2160 1494 2276; x_wconf 87' lang='lat' dir='ltr'><strong>seque</strong></span> <span class='ocrx_word' id='word_1_135' title='bbox 1580 2267 1584 2273; x_wconf 17' lang='grc'>1</span> 
     </span>
     <span class='ocr_line' id='line_1_17' title="bbox 222 2193 1491 2394; baseline 0 -35"><span class='ocrx_word' id='word_1_136' title='bbox 222 2193 377 2361; x_wconf 55' lang='grc' dir='ltr'><strong>οοεῙείὲ</strong></span> <span class='ocrx_word' id='word_1_137' title='bbox 393 2304 488 2361; x_wconf 91' lang='lat' dir='ltr'><strong>rore</strong></span> <span class='ocrx_word' id='word_1_138' title='bbox 505 2277 717 2365; x_wconf 90' lang='lat' dir='ltr'><strong>debriatos</strong></span> <span class='ocrx_word' id='word_1_139' title='bbox 735 2275 857 2394; x_wconf 90' lang='lat' dir='ltr'><strong>plena</strong></span> <span class='ocrx_word' id='word_1_140' title='bbox 873 2277 953 2362; x_wconf 90' lang='lat' dir='ltr'><strong>fide</strong></span> <span class='ocrx_word' id='word_1_141' title='bbox 979 2273 1208 2362; x_wconf 87' lang='lat' dir='ltr'><strong>allererent.</strong></span> <span class='ocrx_word' id='word_1_142' title='bbox 1264 2277 1398 2362; x_wconf 84' lang='lat' dir='ltr'><strong>Tanta</strong></span> <span class='ocrx_word' id='word_1_143' title='bbox 1420 2305 1491 2363; x_wconf 87' lang='lat' dir='ltr'><strong>ve·</strong></span> 
     </span>
    </p>
   </div>
   <div class='ocr_carea' id='block_1_6' title="bbox 222 2383 1492 2809">
    <p class='ocr_par' dir='ltr' id='par_1_7' title="bbox 222 2383 1492 2809">
     <span class='ocr_line' id='line_1_18' title="bbox 223 2383 1492 2502; baseline -0.002 -29"><span class='ocrx_word' id='word_1_144' title='bbox 223 2416 272 2473; x_wconf 89' lang='lat' dir='ltr'><strong>ro</strong></span> <span class='ocrx_word' id='word_1_145' title='bbox 288 2385 471 2474; x_wconf 86' lang='lat' dir='ltr'><strong>fidelium</strong></span> <span class='ocrx_word' id='word_1_146' title='bbox 490 2389 683 2494; x_wconf 89' lang='lat' dir='ltr'><strong>devotio,</strong></span> <span class='ocrx_word' id='word_1_147' title='bbox 713 2411 832 2478; x_wconf 86' lang='lat' dir='ltr'><strong>tanta</strong></span> <span class='ocrx_word' id='word_1_148' title='bbox 860 2387 1120 2476; x_wconf 87' lang='lat' dir='ltr'><strong>oblationum</strong></span> <span class='ocrx_word' id='word_1_149' title='bbox 1139 2383 1378 2491; x_wconf 85' lang='lat' dir='ltr'><strong>affluentia,</strong></span> <span class='ocrx_word' id='word_1_150' title='bbox 1405 2392 1492 2502; x_wconf 87' lang='lat' dir='ltr'><strong>pia·</strong></span> 
     </span>
     <span class='ocr_line' id='line_1_19' title="bbox 223 2497 1492 2614; baseline -0.001 -28"><span class='ocrx_word' id='word_1_151' title='bbox 223 2527 305 2614; x_wconf 89' lang='lat' dir='ltr'><strong>que</strong></span> <span class='ocrx_word' id='word_1_152' title='bbox 324 2505 580 2588; x_wconf 83' lang='lat' dir='ltr'><strong>concertatio</strong></span> <span class='ocrx_word' id='word_1_153' title='bbox 598 2500 692 2606; x_wconf 80' lang='lat' dir='ltr'><strong>fuit,</strong></span> <span class='ocrx_word' id='word_1_154' title='bbox 700 2525 750 2590; x_wconf 94' lang='lat' dir='ltr'><strong>ut</strong></span> <span class='ocrx_word' id='word_1_155' title='bbox 766 2524 972 2608; x_wconf 76' lang='lat' dir='ltr'><strong>matronae</strong></span> <span class='ocrx_word' id='word_1_156' title='bbox 992 2503 1171 2601; x_wconf 91' lang='lat' dir='ltr'><strong>inaures,</strong></span> <span class='ocrx_word' id='word_1_157' title='bbox 1187 2497 1385 2602; x_wconf 83' lang='lat' dir='ltr'><strong>armillas,</strong></span> <span class='ocrx_word' id='word_1_158' title='bbox 1404 2528 1492 2585; x_wconf 90' lang='lat' dir='ltr'><strong>mo·</strong></span> 
     </span>
     <span class='ocr_line' id='line_1_20' title="bbox 222 2609 1491 2809; baseline 0.002 -113"><span class='ocrx_word' id='word_1_159' title='bbox 222 2609 349 2716; x_wconf 90' lang='lat' dir='ltr'><strong>nilia,</strong></span> <span class='ocrx_word' id='word_1_160' title='bbox 376 2610 550 2716; x_wconf 85' lang='lat' dir='ltr'><strong>anulos,</strong></span> <span class='ocrx_word' id='word_1_161' title='bbox 579 2643 791 2728; x_wconf 90' lang='lat' dir='ltr'><strong>gemmas,</strong></span> <span class='ocrx_word' id='word_1_162' title='bbox 820 2616 865 2702; x_wconf 69' lang='grc' dir='ltr'>ἃ</span> <span class='ocrx_word' id='word_1_163' title='bbox 883 2640 1065 2728; x_wconf 88' lang='lat' dir='ltr'><strong>quaeque</strong></span> <span class='ocrx_word' id='word_1_164' title='bbox 1091 2609 1274 2727; x_wconf 87' lang='lat' dir='ltr'><strong>preciosa</strong></span> <span class='ocrx_word' id='word_1_165' title='bbox 1288 2609 1410 2809; x_wconf 65' lang='lat' dir='ltr'><strong>inger</strong></span> <span class='ocrx_word' id='word_1_166' title='bbox 1432 2609 1491 2698; x_wconf 87' lang='lat' dir='ltr'><strong>sa·</strong></span> 
     </span>
    </p>
   </div>
   <div class='ocr_carea' id='block_1_7' title="bbox 155 2723 1491 2963">
    <p class='ocr_par' dir='ltr' id='par_1_8' title="bbox 155 2723 1491 2963">
     <span class='ocr_line' id='line_1_21' title="bbox 155 2723 1490 2840; baseline 0.001 -32"><span class='ocrx_word' id='word_1_167' title='bbox 155 2733 158 2743; x_wconf 85' lang='lat'>&#39;</span> <span class='ocrx_word' id='word_1_168' title='bbox 224 2753 316 2809; x_wconf 88' lang='lat' dir='ltr'><strong>cras</strong></span> <span class='ocrx_word' id='word_1_169' title='bbox 334 2723 529 2834; x_wconf 90' lang='lat' dir='ltr'><strong>reliquias</strong></span> <span class='ocrx_word' id='word_1_170' title='bbox 554 2732 708 2840; x_wconf 88' lang='lat' dir='ltr'><strong>raptim</strong></span> <span class='ocrx_word' id='word_1_171' title='bbox 722 2727 945 2837; x_wconf 75' lang='lat' dir='ltr'><strong>jactarent,</strong></span> <span class='ocrx_word' id='word_1_172' title='bbox 975 2729 1201 2838; x_wconf 87' lang='lat' dir='ltr'><strong>caeterique</strong></span> <span class='ocrx_word' id='word_1_173' title='bbox 1218 2747 1308 2811; x_wconf 87' lang='lat' dir='ltr'><strong>tam</strong></span> <span class='ocrx_word' id='word_1_174' title='bbox 1361 2728 1490 2812; x_wconf 89' lang='lat' dir='ltr'><strong>ivites</strong></span> 
     </span>
     <span class='ocr_line' id='line_1_22' title="bbox 225 2833 1491 2963; baseline 0.008 -48"><span class='ocrx_word' id='word_1_175' title='bbox 225 2859 354 2963; x_wconf 78' lang='lat' dir='ltr'><strong>quam</strong></span> <span class='ocrx_word' id='word_1_176' title='bbox 381 2833 611 2934; x_wconf 87' lang='lat' dir='ltr'><strong>mediocres</strong></span> <span class='ocrx_word' id='word_1_177' title='bbox 640 2866 718 2947; x_wconf 89' lang='lat' dir='ltr'><strong>pro</strong></span> <span class='ocrx_word' id='word_1_178' title='bbox 739 2836 849 2924; x_wconf 88' lang='lat' dir='ltr'><strong>virili</strong></span> <span class='ocrx_word' id='word_1_179' title='bbox 866 2861 980 2950; x_wconf 89' lang='lat' dir='ltr'><strong>parte</strong></span> <span class='ocrx_word' id='word_1_180' title='bbox 1007 2841 1049 2923; x_wconf 90' lang='lat' dir='ltr'><strong>in</strong></span> <span class='ocrx_word' id='word_1_181' title='bbox 1064 2835 1375 2923; x_wconf 80' lang='lat' dir='ltr'><strong>tabernaculum</strong></span> <span class='ocrx_word' id='word_1_182' title='bbox 1402 2838 1491 2925; x_wconf 89' lang='lat' dir='ltr'><strong>Do·</strong></span> 
     </span>
    </p>
   </div>
   <div class='ocr_carea' id='block_1_8' title="bbox 224 2941 1618 3055">
    <p class='ocr_par' dir='ltr' id='par_1_9' title="bbox 224 2941 1618 3055">
     <span class='ocr_line' id='line_1_23' title="bbox 224 2941 1618 3055; baseline 0.009 -25"><span class='ocrx_word' id='word_1_183' title='bbox 224 2970 355 3046; x_wconf 91' lang='lat' dir='ltr'><strong>m1n1,</strong></span> <span class='ocrx_word' id='word_1_184' title='bbox 383 2968 480 3055; x_wconf 84' lang='lat' dir='ltr'><strong>quae</strong></span> <span class='ocrx_word' id='word_1_185' title='bbox 497 2941 725 3047; x_wconf 90' lang='lat' dir='ltr'><strong>habebant,</strong></span> <span class='ocrx_word' id='word_1_186' title='bbox 755 2945 974 3046; x_wconf 73' lang='lat' dir='ltr'><strong>offerrent,</strong></span> <span class='ocrx_word' id='word_1_187' title='bbox 999 2949 1111 3035; x_wconf 90' lang='lat' dir='ltr'><strong>unde</strong></span> <span class='ocrx_word' id='word_1_188' title='bbox 1126 2952 1171 3033; x_wconf 92' lang='lat' dir='ltr'><strong>in</strong></span> <span class='ocrx_word' id='word_1_189' title='bbox 1186 2950 1307 3038; x_wconf 90' lang='lat' dir='ltr'><strong>brevi</strong></span> <span class='ocrx_word' id='word_1_190' title='bbox 1328 2972 1421 3035; x_wconf 90' lang='lat' dir='ltr'><strong>tum</strong></span> <span class='ocrx_word' id='word_1_191' title='bbox 1431 2976 1490 3036; x_wconf 83' lang='lat' dir='ltr'><strong>ex</strong></span> <span class='ocrx_word' id='word_1_192' title='bbox 1613 3027 1618 3042; x_wconf 74' lang='grc'>.</span> 
     </span>
    </p>
   </div>
   <div class='ocr_carea' id='block_1_9' title="bbox 224 3054 1490 3255">
    <p class='ocr_par' dir='ltr' id='par_1_10' title="bbox 224 3054 1490 3255">
     <span class='ocr_line' id='line_1_24' title="bbox 224 3054 1490 3255; baseline 0.002 -112"><span class='ocrx_word' id='word_1_193' title='bbox 224 3054 375 3144; x_wconf 87' lang='lat' dir='ltr'><strong>oblatis</strong></span> <span class='ocrx_word' id='word_1_194' title='bbox 393 3055 614 3255; x_wconf 70' lang='lat' dir='ltr'><strong>imgendiis</strong></span> <span class='ocrx_word' id='word_1_195' title='bbox 634 3115 645 3158; x_wconf 96' lang='lat'><strong>,</strong></span> <span class='ocrx_word' id='word_1_196' title='bbox 674 3076 768 3144; x_wconf 92' lang='lat' dir='ltr'><strong>tum</strong></span> <span class='ocrx_word' id='word_1_197' title='bbox 785 3089 842 3146; x_wconf 83' lang='lat' dir='ltr'><strong>ex</strong></span> <span class='ocrx_word' id='word_1_198' title='bbox 858 3062 1036 3148; x_wconf 90' lang='lat' dir='ltr'><strong>incendii</strong></span> <span class='ocrx_word' id='word_1_199' title='bbox 1052 3057 1127 3147; x_wconf 90' lang='lat' dir='ltr'><strong>reli</strong></span> <span class='ocrx_word' id='word_1_200' title='bbox 1187 3064 1237 3147; x_wconf 89' lang='lat' dir='ltr'><strong>iis</strong></span> <span class='ocrx_word' id='word_1_201' title='bbox 1264 3061 1411 3146; x_wconf 86' lang='lat' dir='ltr'><strong>eadem</strong></span> <span class='ocrx_word' id='word_1_202' title='bbox 1428 3091 1490 3148; x_wconf 91' lang='lat' dir='ltr'><strong>re·</strong></span> 
     </span>
    </p>
   </div>
   <div class='ocr_carea' id='block_1_10' title="bbox 223 3159 1624 3286">
    <p class='ocr_par' dir='ltr' id='par_1_11' title="bbox 223 3159 1624 3286">
     <span class='ocr_line' id='line_1_25' title="bbox 223 3159 1624 3286; baseline -0.001 -28"><span class='ocrx_word' id='word_1_203' title='bbox 223 3172 402 3262; x_wconf 83' lang='lat' dir='ltr'><strong>staurata</strong></span> <span class='ocrx_word' id='word_1_204' title='bbox 422 3173 459 3254; x_wconf 89' lang='lat' dir='ltr'><strong>el</strong></span> <span class='ocrx_word' id='word_1_205' title='bbox 496 3164 660 3253; x_wconf 89' lang='lat' dir='ltr'><strong>ecclefia</strong></span> <span class='ocrx_word' id='word_1_206' title='bbox 680 3229 691 3272; x_wconf 96' lang='lat'><strong>,</strong></span> <span class='ocrx_word' id='word_1_207' title='bbox 720 3159 909 3257; x_wconf 74' lang='lat' dir='ltr'><strong>&amp;finon</strong></span> <span class='ocrx_word' id='word_1_208' title='bbox 926 3203 996 3276; x_wconf 90' lang='lat' dir='ltr'><strong>ea,</strong></span> <span class='ocrx_word' id='word_1_209' title='bbox 1023 3201 1107 3286; x_wconf 90' lang='lat' dir='ltr'><strong>qua</strong></span> <span class='ocrx_word' id='word_1_210' title='bbox 1122 3204 1149 3258; x_wconf 92' lang='lat' dir='ltr'><strong>o</strong></span> <span class='ocrx_word' id='word_1_211' title='bbox 1165 3177 1223 3258; x_wconf 90' lang='lat' dir='ltr'><strong>im</strong></span> <span class='ocrx_word' id='word_1_212' title='bbox 1241 3235 1252 3276; x_wconf 95' lang='lat'><strong>,</strong></span> <span class='ocrx_word' id='word_1_213' title='bbox 1281 3176 1401 3260; x_wconf 90' lang='lat' dir='ltr'><strong>mirae</strong></span> <span class='ocrx_word' id='word_1_214' title='bbox 1418 3202 1489 3260; x_wconf 93' lang='lat' dir='ltr'><strong>ve·</strong></span> <span class='ocrx_word' id='word_1_215' title='bbox 1621 3211 1624 3215; x_wconf 94' lang='lat'><em>·</em></span> 
     </span>
    </p>
   </div>
   <div class='ocr_carea' id='block_1_11' title="bbox 145 3280 1589 4194">
    <p class='ocr_par' dir='ltr' id='par_1_12' title="bbox 145 3280 1589 4194">
     <span class='ocr_line' id='line_1_26' title="bbox 223 3280 1490 3399; baseline 0.002 -31"><span class='ocrx_word' id='word_1_216' title='bbox 223 3285 393 3370; x_wconf 85' lang='lat' dir='ltr'><strong>nullatis</strong></span> <span class='ocrx_word' id='word_1_217' title='bbox 409 3280 612 3396; x_wconf 87' lang='lat' dir='ltr'><strong>elegantia</strong></span> <span class='ocrx_word' id='word_1_218' title='bbox 629 3343 640 3383; x_wconf 95' lang='lat'><strong>,</strong></span> <span class='ocrx_word' id='word_1_219' title='bbox 668 3303 810 3368; x_wconf 90' lang='lat' dir='ltr'><strong>tamen</strong></span> <span class='ocrx_word' id='word_1_220' title='bbox 825 3308 950 3397; x_wconf 91' lang='lat' dir='ltr'><strong>prout</strong></span> <span class='ocrx_word' id='word_1_221' title='bbox 972 3283 1149 3370; x_wconf 86' lang='lat' dir='ltr'><strong>facultas</strong></span> <span class='ocrx_word' id='word_1_222' title='bbox 1165 3282 1419 3399; x_wconf 84' lang='lat' dir='ltr'><strong>subpetebat,</strong></span> <span class='ocrx_word' id='word_1_223' title='bbox 1443 3283 1490 3370; x_wconf 69' lang='grc' dir='ltr'>ἃ</span> 
     </span>
     <span class='ocr_line' id='line_1_27' title="bbox 175 3391 1589 3511; baseline -0.001 -30"><span class='ocrx_word' id='word_1_224' title='bbox 175 3395 185 3460; x_wconf 85' lang='lat'><strong>&#39;-</strong></span> <span class='ocrx_word' id='word_1_225' title='bbox 223 3396 425 3511; x_wconf 90' lang='lat' dir='ltr'><strong>temporis</strong></span> <span class='ocrx_word' id='word_1_226' title='bbox 464 3391 626 3479; x_wconf 78' lang='lat' dir='ltr'><strong>indulsit</strong></span> <span class='ocrx_word' id='word_1_227' title='bbox 650 3392 892 3480; x_wconf 83' lang='lat' dir='ltr'><strong>festinantia.</strong></span> <span class='ocrx_word' id='word_1_228' title='bbox 951 3397 1164 3482; x_wconf 88' lang='lat' dir='ltr'><strong>Praeterea</strong></span> <span class='ocrx_word' id='word_1_229' title='bbox 1184 3398 1396 3484; x_wconf 89' lang='lat' dir='ltr'><strong>Dominus</strong></span> <span class='ocrx_word' id='word_1_230' title='bbox 1433 3398 1488 3480; x_wconf 93' lang='lat' dir='ltr'><strong>ob</strong></span> <span class='ocrx_word' id='word_1_231' title='bbox 1583 3435 1589 3443; x_wconf 56' lang='lat'><strong><em>¹</em></strong></span> 
     </span>
     <span class='ocr_line' id='line_1_28' title="bbox 224 3502 1487 3618; baseline -0.003 -25"><span class='ocrx_word' id='word_1_232' title='bbox 224 3534 423 3593; x_wconf 88' lang='lat' dir='ltr'><strong>coronam</strong></span> <span class='ocrx_word' id='word_1_233' title='bbox 444 3505 488 3593; x_wconf 67' lang='grc' dir='ltr'>ἃ</span> <span class='ocrx_word' id='word_1_234' title='bbox 534 3503 681 3592; x_wconf 91' lang='lat' dir='ltr'><strong>loriam</strong></span> <span class='ocrx_word' id='word_1_235' title='bbox 700 3502 760 3592; x_wconf 86' lang='lat' dir='ltr'><strong>lui</strong></span> <span class='ocrx_word' id='word_1_236' title='bbox 768 3511 964 3618; x_wconf 87' lang='lat' dir='ltr'><strong>martyris</strong></span> <span class='ocrx_word' id='word_1_237' title='bbox 974 3508 1189 3604; x_wconf 85' lang='lat' dir='ltr'><strong>benedixit</strong></span> <span class='ocrx_word' id='word_1_238' title='bbox 1206 3526 1373 3592; x_wconf 83' lang='lat' dir='ltr'><strong>coronae</strong></span> <span class='ocrx_word' id='word_1_239' title='bbox 1390 3511 1487 3589; x_wconf 87' lang='lat' dir='ltr'><strong>anni</strong></span> 
     </span>
     <span class='ocr_line' id='line_1_29' title="bbox 145 3535 1486 3734; baseline -0.004 -29"><span class='ocrx_word' id='word_1_240' title='bbox 145 3625 146 3628; x_wconf 57' lang='lat'>‘</span> <span class='ocrx_word' id='word_1_241' title='bbox 222 3622 489 3732; x_wconf 84' lang='lat' dir='ltr'><strong>benignitatis</strong></span> <span class='ocrx_word' id='word_1_242' title='bbox 506 3535 620 3723; x_wconf 73' lang='lat' dir='ltr'><strong>luae,</strong></span> <span class='ocrx_word' id='word_1_243' title='bbox 649 3623 730 3722; x_wconf 88' lang='lat' dir='ltr'><strong>ita,</strong></span> <span class='ocrx_word' id='word_1_244' title='bbox 758 3642 806 3705; x_wconf 90' lang='lat' dir='ltr'><strong>ut</strong></span> <span class='ocrx_word' id='word_1_245' title='bbox 828 3621 964 3734; x_wconf 85' lang='lat' dir='ltr'><strong>campi</strong></span> <span class='ocrx_word' id='word_1_246' title='bbox 988 3616 1245 3733; x_wconf 78' lang='lat' dir='ltr'><strong>replerentur</strong></span> <span class='ocrx_word' id='word_1_247' title='bbox 1272 3620 1486 3719; x_wconf 88' lang='lat' dir='ltr'><strong>ubertate,</strong></span> 
     </span>
     <span class='ocr_line' id='line_1_30' title="bbox 200 3729 1487 3846; baseline -0.004 -27"><span class='ocrx_word' id='word_1_248' title='bbox 200 3729 551 3819; x_wconf 68' lang='lat' dir='ltr'><strong>&amp;exultatione</strong></span> <span class='ocrx_word' id='word_1_249' title='bbox 585 3731 715 3824; x_wconf 80' lang='lat' dir='ltr'><strong>,colles</strong></span> <span class='ocrx_word' id='word_1_250' title='bbox 743 3735 1068 3846; x_wconf 88' lang='lat' dir='ltr'><strong>accingerentur.</strong></span> <span class='ocrx_word' id='word_1_251' title='bbox 1124 3731 1330 3818; x_wconf 85' lang='lat' dir='ltr'><strong>Proximo</strong></span> <span class='ocrx_word' id='word_1_252' title='bbox 1367 3729 1487 3844; x_wconf 88' lang='lat' dir='ltr'><strong>liqui·</strong></span> 
     </span>
     <span class='ocr_line' id='line_1_31' title="bbox 224 3840 1485 3957; baseline 0 -27"><span class='ocrx_word' id='word_1_253' title='bbox 224 3845 324 3930; x_wconf 92' lang='lat' dir='ltr'><strong>dem</strong></span> <span class='ocrx_word' id='word_1_254' title='bbox 340 3873 450 3930; x_wconf 89' lang='lat' dir='ltr'><strong>anno</strong></span> <span class='ocrx_word' id='word_1_255' title='bbox 469 3846 576 3932; x_wconf 86' lang='lat' dir='ltr'><strong>infra</strong></span> <span class='ocrx_word' id='word_1_256' title='bbox 603 3875 756 3934; x_wconf 88' lang='lat' dir='ltr'><strong>omnes</strong></span> <span class='ocrx_word' id='word_1_257' title='bbox 770 3846 978 3934; x_wconf 70' lang='lat' dir='ltr'><strong>duntaxat</strong></span> <span class='ocrx_word' id='word_1_258' title='bbox 995 3844 1182 3957; x_wconf 89' lang='lat' dir='ltr'><strong>ejusdem</strong></span> <span class='ocrx_word' id='word_1_259' title='bbox 1210 3840 1388 3929; x_wconf 86' lang='lat' dir='ltr'><strong>e&#39;cclefiae</strong></span> <span class='ocrx_word' id='word_1_260' title='bbox 1405 3865 1485 3930; x_wconf 88' lang='lat' dir='ltr'><strong>ter·</strong></span> 
     </span>
     <span class='ocr_line' id='line_1_32' title="bbox 146 3955 1487 4162; baseline -0.003 -114"><span class='ocrx_word' id='word_1_261' title='bbox 146 3968 157 3988; x_wconf 85' lang='lat'><em>&#39;</em></span> <span class='ocrx_word' id='word_1_262' title='bbox 223 3959 364 4048; x_wconf 87' lang='lat' dir='ltr'><strong>minos</strong></span> <span class='ocrx_word' id='word_1_263' title='bbox 391 3957 602 4072; x_wconf 82' lang='lat' dir='ltr'><strong>smgularis</strong></span> <span class='ocrx_word' id='word_1_264' title='bbox 630 3962 788 4049; x_wconf 87' lang='lat' dir='ltr'><strong>exstitit</strong></span> <span class='ocrx_word' id='word_1_265' title='bbox 796 3981 1054 4162; x_wconf 48' lang='lat' dir='ltr'><strong>&amp;novemus</strong></span> <span class='ocrx_word' id='word_1_266' title='bbox 1081 3955 1292 4072; x_wconf 83' lang='lat' dir='ltr'><strong>glandium</strong></span> <span class='ocrx_word' id='word_1_267' title='bbox 1309 4018 1321 4062; x_wconf 98' lang='lat'><strong>,</strong></span> <span class='ocrx_word' id='word_1_268' title='bbox 1336 3977 1487 4161; x_wconf 56' lang='lat' dir='ltr'><strong>igggue</strong></span> 
     </span>
     <span class='ocr_line' id='line_1_33' title="bbox 238 4101 1436 4194; baseline -0.008 -31"><span class='ocrx_word' id='word_1_269' title='bbox 238 4101 242 4114; x_wconf 71' lang='grc'><em>“</em></span> <span class='ocrx_word' id='word_1_270' title='bbox 346 4103 350 4109; x_wconf 83' lang='grc'>’</span> <span class='ocrx_word' id='word_1_271' title='bbox 449 4157 455 4162; x_wconf 83' lang='grc'>,</span> <span class='ocrx_word' id='word_1_272' title='bbox 590 4137 592 4144; x_wconf 82' lang='lat'>·</span> <span class='ocrx_word' id='word_1_273' title='bbox 641 4171 651 4190; x_wconf 23' lang='grc' dir='ltr'><strong>ι</strong></span> <span class='ocrx_word' id='word_1_274' title='bbox 857 4102 933 4188; x_wconf 80' lang='lat'><strong>⁰3</strong></span> <span class='ocrx_word' id='word_1_275' title='bbox 1273 4185 1278 4194; x_wconf 23' lang='grc'>1</span> <span class='ocrx_word' id='word_1_276' title='bbox 1419 4117 1436 4134; x_wconf 88' lang='grc'>-</span> 
     </span>
    </p>
   </div>
   <div class='ocr_carea' id='block_1_12' title="bbox 0 0 2004 5417">
    <p class='ocr_par' dir='ltr' id='par_1_13' title="bbox 0 0 2004 5417">
     <span class='ocr_line' id='line_1_34' title="bbox 0 0 2004 5417; baseline 0 2"><span class='ocrx_word' id='word_1_277' title='bbox 0 0 2004 5417; x_wconf 95' lang='lat' dir='ltr'><strong> </strong></span> 
     </span>
    </p>
   </div>
  </div>
 </body>
</html>
