4000 5417
526 404 629 486 Suc.
657 406 715 485 IX
739 344 1126 489 Lunovrcorurr.
1400 436 1454 515 49

542 626 713 645 —

186 716 324 793 tineant
350 770 361 805 ,
397 726 465 791 aut
488 712 668 789 mundiali
692 712 842 790 baltheo
867 714 906 791 in
940 714 1115 793 beneficio
1140 716 1319 793 dividant.
1372 717 1454 814 Ego

185 818 454 903 Emmaus,
478 838 526 891 ne
540 814 578 889 in
598 814 684 904 his,
709 839 791 914 quae
806 816 853 892 de
867 817 969 915 regia
983 840 1100 895 manu
1124 817 1320 895 Ludowici
1340 820 1453 919 impe-

183 919 320 995 ratoris
336 921 374 993 in
390 921 471 993 loco
496 916 710 1016 Mirhlcnslar
722 919 909 1008 contraxi,
935 944 1072 998 manus
1089 920 1299 1017 iniquorum
1312 943 1453 1019 praeva·

184 1022 287 1109 leat,
315 1021 485 1097 advertat
506 1018 649 1095 obsecro
673 1018 837 1096 fidelium
862 1034 941 1097 tam
967 1023 1198 1121 sequentium
1223 1046 1335 1121 quam
1360 1046 1452 1122 prae·

184 1122 339 1199 sentium
353 1121 547 1209 memoria,
561 1120 718 1217 qualiter
731 1121 770 1197 in
785 1146 901 1198 unum
915 1124 983 1201 srnt
996 1126 1164 1213 colletla,
1191 1125 1371 1221 quibusve
1385 1146 1451 1199 ex·

185 1224 298 1324 prelia
313 1222 512 1301 vocabulis.
545 1221 741 1317 Postquam
760 1245 847 1299 eum
870 1225 993 1302 locum
1015 1228 1327 1326 praenominatum
1353 1226 1452 1301 Lau·

185 1326 469 1405 reshamensrum
484 1324 726 1400 dominationi
746 1322 935 1421 subjugare
950 1327 1103 1429 disposui
1117 1350 1128 1421 ;
1154 1329 1299 1406 adscitis
1314 1327 1450 1427 quibus

186 1442 315 1505 notum
337 1428 467 1515 suerat,
489 1426 690 1502 terminum
702 1424 742 1502 dt
756 1427 934 1504 vocabula
947 1430 1110 1507 locorum
1131 1432 1327 1529 diligenter
1345 1431 1449 1507 inve·

187 1530 335 1627 stigavi,
362 1530 401 1606 δι
415 1530 550 1605 recenti
565 1526 746 1603 memoria
761 1530 946 1605 notarium
959 1554 1085 1608 meum
1109 1533 1312 1610 Lutherum
1326 1535 1449 1632 expri-

187 1656 287 1708 mere
300 1632 429 1708 litteris
439 1630 534 1727 jussi,
559 1624 607 1705 ea
621 1628 793 1706 videlicet
805 1630 1128 1732 circurnspettione‚
1144 1636 1231 1731 quia
1244 1637 1448 1712 multorum

185 1732 486 1809 monasteriorum
499 1733 554 1806 eis
575 1732 713 1831 praedia
738 1730 1067 1830 conjunguntur&
1088 1735 1309 1811 diversorum
1329 1737 1447 1811 dorni·

184 1858 321 1910 norum
335 1832 507 1934 beneficia
532 1833 823 1931 circumquaque
844 1830 1116 1910 terminantur.'
1149 1836 1244 1911 Haec
1256 1836 1365 1930 igitur
1379 1851 1450 1911 ter-

180 1938 375 2011 minorum
400 1936 481 2009 loca
499 1934 539 2011 δι
564 1936 729 2009 locorum
756 1935 939 2012 vocabula
957 1934 1189 2031 defignantur
1213 1936 1284 2010 hoc
1317 1936 1450 2011 modo:

185 2038 282 2115 dum
304 2060 327 2111 a
350 2050 475 2112 monte
499 2036 729 2111 Mummiam
753 2037 959 2136 incipiunt,
985 2036 1024 2114 dt
1038 2050 1160 2113 totum
1173 2036 1333 2113 eundem
1348 2058 1452 2111 mon·

184 2154 266 2215 tem
280 2139 454 2235 usquead
467 2138 632 2236 plateam
646 2138 985 2237 comprehendunt,
1012 2161 1037 2213 a
1056 2140 1183 2238 platea
1194 2161 1311 2235 usque
1324 2138 1373 2213 ad
1386 2139 1454 2213 du·

183 2242 319 2342 plicem
334 2262 521 2335 quercum,
536 2238 620 2313 inde
633 2240 726 2315 inter
754 2238 924 2315 amoma
938 2236 977 2316 u
991 2236 1271 2339 Rumpharlruscn
1286 2240 1333 2315 ad
1346 2258 1454 2336 quer·

183 2366 270 2418 cum
286 2394 296 2429 ,
322 2343 367 2417 de
379 2364 516 2439 quercu
529 2340 567 2415 iu
581 2339 733 2417 fluvium
758 2340 962 2431 Bramalro,
986 2363 1054 2439 per
1067 2339 1180 2437 hujus
1191 2339 1397 2417 descensum
1413 2342 1453 2417 in

164 2442 167 2447 ’
189 2443 425 2531 Wtrineoact,
449 2466 514 2542 per
533 2438 646 2539 hujus
661 2440 850 2519 ascensum
865 2444 1049 2540 usquead
1070 2442 1260 2541 lapideum
1273 2442 1453 2529 rivulum.

183 2546 269 2622 inde
292 2547 340 2621 ad
370 2543 599 2625 Wlliarburrlt
619 2566 820 2644 peronam
834 2558 980 2643 portam
1001 2545 1118 2633 intro,
1142 2567 1208 2644 per
1219 2545 1376 2621 alteram
1392 2542 1449 2619 fo·

183 2672 254 2725 ras.
297 2648 385 2723 lude
406 2646 444 2722 in
464 2646 580 2745 ripam
611 2646 798 2735 Euroram,
825 2668 892 2745 per
911 2644 1024 2743 hujus
1048 2646 1257 2722 descensum
1279 2648 1328 2723 ad
1352 2647 1451 2723 Lan·

177 2752 349 2847 gravies,
374 2750 437 2823 ubi
448 2746 682 2841 Langenvirst
693 2748 881 2823 scinditur.
897 2748 950 2825 Su
997 2747 1450 2845 rLangeuvirstadBreit-
1540 2826 1544 2832 ,

182 2847 321 2947 tensos,
345 2847 428 2921 inde
443 2867 506 2942 per
529 2844 915 2923 Eiclcndalinflumen
977 2852 1090 2923 rtcllo.
1117 2873 1181 2948 per
1193 2848 1306 2946 hujus
1325 2848 1449 2925 ascen·

182 2952 264 3027 sum
282 2950 323 3023 in
351 2940 583 3049 Vinstcrbuclr,
610 2944 691 3019 inde
712 2947 760 3020 ad
783 2946 1028 3127 Plroplmssoin
1053 2952 1246 3028 Einhardi.
1297 2949 1336 3029 A
1350 2952 1448 3030 Pha·

183 3048 395 3153 phensteine
407 3050 513 3147 supra
537 3044 862 3147 Rirhgeaeffnaitten,
888 3051 926 3125 in
951 3051 1036 3127 ead
1047 3055 1222 3130 verticem
1237 3052 1448 3153 clophenda-

134 3144 140 3153 ’
184 3159 230 3229 les
244 3154 296 3231 ad
312 3148 547 3251 Clophenberk,
562 3147 646 3243 inde
661 3147 700 3223 in
726 3148 1058 3246 cuningesbrunnen,
1083 3178 1147 3254 per
1167 3154 1280 3251 hujus
1303 3154 1449 3230 descen·

185 3256 266 3332 sum
282 3256 322 3329 in
347 3252 585 3342 Mimelingrn,
610 3271 672 3347 per
686 3247 795 3347 hujus
821 3251 1010 3329 ascensum
1033 3256 1082 3329 ad
1104 3254 1452 3354 Maargoldescellonu
1600 3314 1607 3321 .

179 3358 246 3435 Ab
259 3358 334 3433 hac
349 3357 388 3431 in
397 3350 552 3429 fluvium
561 3347 724 3448 Mesola,
737 3375 800 3449 per
812 3352 923 3449 hujus
937 3354 1122 3431 ascensum
1136 3359 1175 3433 in
1189 3354 1452 3431 Geroldaslrun·

184 3486 269 3548 nan,
296 3458 382 3551 inde
404 3453 453 3529 ad
465 3448 669 3547 Ellrnbogen
682 3452 889 3529 inlluvium
914 3454 1122 3542 araneae,
1136 3480 1198 3553 per
1212 3456 1293 3552 ejus
1307 3456 1452 3531 descen·

184 3562 266 3649 sum
288 3560 327 3633 in
353 3556 599 3649 Mimrlingm,
625 3578 673 3629 ex
696 3556 839 3651 qua'ad
865 3575 1044 3649 quercum
1066 3557 1159 3630 inter
1194 3555 1393 3655 Grascaplre
1415 3554 1455 3629 dc
1553 3638 1561 3655 ι

179 3662 369 3747 Muniam,
384 3658 469 3733 inde
478 3656 613 3733 iterum
628 3654 676 3741 ad
692 3669 862 3743 montem
887 3656 1129 3733 Mamaeam.

900 4020 944 4115 G
1340 4022 1456 4138 Quo·
