4000 5417
499 486 576 568 284
838 532 841 536 .
887 523 893 534 ,
949 457 1314 542 Tnanrrrortns

1031 763 1248 859 CLXVII.

455 995 462 1004 ,
496 900 679 1000 Donatio
700 885 999 1002 Tharlnebertd
1009 899 1173 1014 fratris
1188 896 1337 987 domim
1353 896 1586 1002 Caneronis,
1605 900 1648 991 in
1664 847 1773 998 Lau.

571 1011 728 1146 resbanp
753 1011 806 1110 &²
822 1013 865 1102 in
881 1009 1042 1123 Birstar
1060 1039 1163 1100 anno
1189 1011 1314 1104 XVI
1325 1009 1472 1126 Proin·
1487 1015 1611 1128 regis.
1629 1020 1701 1133 (a)

322 1177 354 1231 ¹·
370 1152 453 1228 MV·
477 1188 548 1319 'ln
559 1172 694 1254 Christi
708 1172 875 1264 nomine,
891 1171 956 1249 sub
971 1170 1031 1246 die
1046 1172 1064 1248 Ι
1079 1169 1301 1249 Novembris
1316 1168 1475 1260 meniis,
1501 1195 1571 1272 ego
1587 1176 1772 1256 Tuumn-

546 1298 705 1354 nnnnos
718 1289 867 1375 propter
891 1274 1016 1353 Deum
1037 1271 1076 1350 δι
1098 1273 1346 1350 reverentiam
1365 1273 1474 1351 santii
1500 1275 1653 1356 Nazarii
1674 1281 1772 1358 dono

430 1425 445 1434 -
494 1378 676 1481 adipsum
693 1377 856 1454 landum
873 1378 1024 1463 locum,
1049 1373 1116 1451 ubi
1140 1372 1212 1473 ipse
1226 1375 1397 1451 dominus
1417 1377 1457 1452 in
1478 1398 1630 1479 corpore
1652 1385 1771 1482 requi-

490 1482 602 1570 escit,
628 1480 691 1556 leo
704 1479 753 1555 ad
765 1477 858 1578 ipsos
880 1477 1033 1565 fratres,
1057 1475 1124 1574 qui
1138 1475 1277 1553 ibidem
1293 1476 1356 1554 sub
1370 1477 1591 1558 venerabilis
1617 1485 1789 1578 Gunde-=

487 1585 602 1663 lando
616 1582 751 1660 abbate
763 1604 808 1655 eo
823 1577 1000 1656 deservire
1015 1575 1208 1669 videntur,
1229 1580 1478 1680 donatumque
1493 1582 1531 1658 in
1591 1599 1765 1683 rpetuum

490 1684 561 1763 elie
574 1686 659 1762 volo
675 1681 714 1759 dt
728 1679 990 1780 promptiffima
1003 1682 1196 1759 voluntate
1211 1679 1406 1771 confirmo,
1431 1681 1536 1758 hoce
1567 1737 1577 1773 ‚
1592 1687 1762 1763 mansum

489 1809 634 1874 unum,
660 1782 725 1880 qui
740 1782 880 1858 ibidem
904 1779 1089 1881 proprisos
1109 1781 1188 1873 est,
1214 1783 1263 1859 ad
1283 1783 1379 1860 illud
1403 1783 1602 1861 claustrum
1627 1787 1767 1865 facien-

360 1961 371 1966 -
490 1889 583 1964 dum
600 1885 698 1961 circa
713 1882 877 1958 santium
903 1883 1127 1974 suarium,
1141 1883 1181 1962 dc
1195 1898 1538 1984 quantumcumque
1553 1886 1689 1965 ibidem
1704 1891 1767 1968 de-

321 2082 325 2090 ,
461 2043 464 2046 ⁴
487 1989 600 2065 betur
625 2007 720 2062 meae
745 1982 967 2084 poliellioni‚
993 1985 1040 2062 de
1058 1982 1142 2083 jure
1159 2009 1243 2064 meo
1260 1987 1300 2064 in
1320 1986 1384 2085 jus
1415 1988 1454 2066 dr
1477 1989 1766 2068 dominationem

487 2091 597 2167 santii
613 2087 798 2176 moeno,
825 2085 932 2162 trado
948 2098 1060 2186 atque
1075 2090 1307 2180 transfundo,
1328 2092 1381 2172 ita
1396 2103 1438 2168 ut
1453 2089 1499 2168 ab
1512 2091 1584 2168 hac
1598 2093 1767 2192 praesenti

487 2193 574 2280 die,
599 2188 823 2288 &deinceps
843 2189 893 2264 ad
908 2187 1025 2288 ipsum
1041 2189 1205 2268 santlmn
1228 2193 1379 2283 locum,
1404 2195 1466 2268 vel
1479 2194 1528 2269 ad
1541 2209 1695 2290 agentes
1708 2197 1763 2296 ip·

488 2293 563 2371 lius
578 2291 680 2366 omni
694 2303 862 2390 tempore
901 2289 1045 2368 roliciat
1059 2293 1099 2368 in
1112 2307 1366 2390 augmentum.
1383 2293 1613 2372 Similiter&
1627 2296 1666 2372 in
1680 2297 1764 2372 Bir-
1819 2297 1824 2304 '

481 2396 618 2510 floriare
630 2415 759 2470 marca
783 2315 955 2469 maniitm
969 2393 1059 2509 15&
1073 2409 1222 2496 pratum
1247 2417 1363 2473 unum
1378 2447 1389 2484 ,
1415 2392 1454 2470 dt
1468 2395 1619 2510 deterre
1634 2410 1760 2472 aratu·

489 2497 549 2574 n'a
557 2496 723 2593 jurnales
745 2492 806 2613 sex
821 2494 919 2570 dono
934 2494 984 2571 ad
997 2517 1079 2592 Jam
1093 2497 1291 2596 praefatum
1306 2509 1509 2591 martyrem
1523 2494 1666 2613 Clrrrsti,
1680 2496 1761 2575 san·

488 2599 590 2678 lium
604 2597 651 2674 N.
666 2596 791 2695 Siqurs
804 2611 956 2687 autem,
981 2621 1052 2696 ego
1067 2598 1162 2775 ipse,
1187 2610 1254 2673 eut
1267 2597 1368 2674 ullus
1381 2595 1428 2672 de
1440 2595 1637 2674 heredrbus
1653 2599 1759 2691 meis,

487 2699 847 2800 hancndonationem
878 2721 1005 2776 meam
1036 2697 1075 2774 in
1109 2700 1232 2796 ingere
1258 2698 1320 2775 vel
1351 2697 1550 2774 immutare
1573 2700 1759 2793 voluerit,

471 2815 579 2880 tone
599 2800 735 2878 inferat
753 2824 930 2878 unacum
955 2812 1087 2898 agente
1106 2799 1192 2876 iiico
1207 2799 1288 2877 auri
1310 2799 1501 2876 dimidiam
1514 2799 1672 2892 libram,
1699 2825 1758 2889 ar·

487 2905 591 3001 genti
604 2906 766 3005 pondera
782 2904 882 2994 duo,
906 2905 1068 2980 multam
1083 2901 1276 2990 sustineat,
1302 2901 1340 2978 δι
1356 2901 1455 2999 quod
1469 2902 1622 3000 repetit,
1647 2927 1758 2983 even·

486 3007 609 3084 dicare
618 3030 693 3084 non
708 3009 845 3098 valeat
861 3006 921 3083 sed
932 3003 1095 3107 praesens
1108 3004 1258 3081 donatio
1273 3001 1340 3092 ista
1353 3003 1455 3080 omni
1470 3015 1636 3106 tempore
1649 3005 1758 3084 firma

1085 3107 1162 3186 Nn
1188 3131 1211 3186 2
1662 3105 1702 3186 &

528 3209 584 3297 (a)
597 3209 822 3278 Traditionum
843 3207 966 3274 harum·
977 3209 1046 3274 fere
1068 3209 1211 3274 omnium
1233 3207 1349 3273 cbnrtae
1367 3215 1477 3272 notam
1489 3205 1754 3290 chronologicam,

567 3309 683 3383 preter
697 3297 782 3361 diem
796 3297 831 3364 ἀ
844 3293 1002 3372 mensem,
1019 3297 1071 3360 vix
1085 3293 1182 3358 altam
1196 3293 1314 3360 habent
1322 3338 1332 3370 ,
1353 3311 1450 3378 quam
1464 3312 1562 3356 annos
1576 3295 1750 3376 regnantia,

569 3385 628 3449 sub
643 3404 705 3468 qno
728 3383 847 3467 scriptae
869 3380 968 3457 mut,
988 3381 1151 3468 principia,
1167 3378 1269 3466 Pipini
1284 3381 1437 3457 maxime,
1458 3359 1561 3447 caroli
1575 3381 1619 3466 Μ.
1633 3399 1669 3446 ae
1685 3379 1751 3445 Lu-

569 3472 673 3537 doviei
694 3470 752 3538 Pii.
773 3473 886 3536 Annos
899 3467 1013 3534 Christi
1039 3467 1132 3542 nati,
1154 3485 1252 3530 nerem
1267 3465 1403 3532 nostram
1419 3463 1607 3548 volgdrem,
1636 3465 1751 3532 addere
1848 3478 1855 3490 '

569 3558 706 3640 quiaque
722 3557 870 3624 facillime
885 3557 1005 3637 potest.
1027 3553 1085 3638 qui
1099 3551 1247 3636 Pipinum
1267 3571 1318 3617 an.
1332 3559 1408 3639 752,
1423 3549 1569 3618 carolum
1586 3551 1629 3616 Μ.
1645 3551 1769 3618 mense.

565 3639 652 3726 Sept.
665 3644 741 3726 768,
763 3641 960 3707 Lndovieum
981 3642 1076 3708 Pium
1095 3637 1200 3703 mense
1224 3637 1294 3714 Jan.
1310 3649 1375 3721 814
1397 3657 1530 3720 regnare
1543 3635 1672 3722 ooepilse
1685 3659 1752 3705 non

557 3728 710 3809 ignorat,
731 3725 767 3792 dr
790 3725 833 3791 fic
846 3745 948 3813 porro.
968 3728 1081 3791 Annon
1104 3725 1205 3809 pipini
1227 3723 1266 3788 ab
1281 3743 1310 3790 a.
1324 3741 1388 3808 752
1402 3722 1676 3791 Laurishamenses
1691 3745 1751 3788 no-

565 3813 852 3889 renumerare,
872 3832 947 3890 non,
963 3813 1049 3898 quod
1063 3812 1136 3876 hinc
1153 3811 1227 3875 inde
1241 3808 1381 3886 latium,
1402 3808 1558 3895 repetiisse
1576 3811 1684 3886 altius,
1698 3813 1750 3876 vel

565 3900 601 3966 id
617 3899 707 3963 nobis
719 3897 900 3984 persuadet,
922 3899 1045 3982 qnodin
1060 3905 1150 3962 tanta
1164 3897 1367 3962 traditionum
1383 3897 1439 3962 sub
1454 3897 1518 3982 ipso
1534 3893 1748 3962 fattammco·

564 3986 617 4072 pia
637 3985 760 4050 nullam
781 3985 980 4068 reperimus,
1002 4002 1075 4066 quae
1095 3981 1186 4062 supra
1205 3981 1285 4050 XVI
1298 3984 1389 4064 regni
1411 3983 1479 4067 ejus
1508 4001 1608 4046 annos
1626 3981 1746 4067 prodet.

565 4074 614 4137 At
628 4072 750 4135 decimo
765 4073 851 4136 sento
864 4069 940 4144 hoc,
960 4068 1075 4133 ultimo
1092 4067 1194 4148 Pipini
1208 4111 1219 4140 ,
1233 4065 1267 4132 dr
1281 4069 1381 4152 primo
1395 4069 1500 4139 Caroli
1513 4069 1558 4139 Μ,
1574 4085 1657 4134 anno
1672 4069 1748 4152 plu·

558 4157 660 4222 'rimae
671 4153 809 4245 lignetes
822 4151 1001 4238 elle,lettor
1013 4149 1175 4222 nobiscum
1187 4151 1370 4224 observabit.
1501 4209 1505 4216 .
