4000 5417
457 352 1224 434 Seoxnnnoucomnnnnu.
1327 326 1333 336 ’
1393 374 1506 453 105·

207 524 552 546 m
941 522 1092 537 ὴ
1097 520 1467 541 m

205 570 1468 593 *mm*

766 654 898 762 LVII.

267 793 534 905 Praeceptum
557 784 908 903 Ludouur'cisuper
933 784 1065 873 eadem
1090 784 1401 877 commutatione.

198 973 250 1099 ln
264 958 412 1035 nomine
428 954 556 1031 sanslae
569 952 608 1028 ot
622 952 820 1031 individuae
844 952 1043 1028 Trinitatis.
1098 952 1393 1031 Htunounrcus
1414 956 1469 1034 di·

253 1062 342 1143 vina
356 1060 501 1135 favente
514 1056 634 1151 gratia
650 1077 726 1131 rex.
761 1055 902 1131 Notum
917 1054 994 1130 lieri
1010 1054 1181 1155 cupimus
1194 1057 1366 1133 omnibus
1379 1058 1469 1135 fide·
1579 1142 1588 1151 ‚
1687 1072 1692 1082 “

199 1162 300 1237 libus
313 1160 457 1247 nostris,
483 1157 718 1257 praesentibus
732 1156 770 1233 ἂ
784 1157 936 1245 futuris,
963 1158 1122 1255 qualiter
1146 1160 1365 1254 Reginbodo
1378 1161 1467 1236 side-

200 1262 377 1345 lisnoller
389 1274 530 1335 curtem
554 1258 775 1333 sirnanlrim
789 1258 935 1347 didam,
951 1259 989 1333 in
1004 1282 1112 1359 pago,
1127 1262 1192 1356 qui
1214 1262 1350 1338 dicitur
1360 1262 1469 1338 Lobo-

201 1366 396 1459 drngoauu,
421 1362 555 1448 sitam,
581 1382 697 1455 quam
721 1360 829 1437 bonae
861 1362 1047 1439 memoriae
1071 1362 1155 1460 pius
1173 1364 1319 1457 genitor
1351 1364 1469 1439 noller
1509 1442 1513 1450 ,

202 1462 385 1541 Amulius
406 1463 605 1561 imperator
627 1460 816 1557 Augustus
835 1460 869 1535 ei
891 1484 978 1535 clun
997 1462 1316 1555 suaeaustoritatis
1330 1484 1467 1565 praece-

201 1580 266 1666 pto
280 1566 320 1641 in
335 1566 520 1665 proprium
535 1562 715 1651 donauit,v
740 1564 789 1638 ad
805 1563 1014 1639 coenobium
1030 1563 1140 1637 santii
1155 1565 1303 1641 Nazarii
1316 1568 1466 1643 Laura·

201 1669 283 1759 luun
297 1667 432 1741 dilium
447 1698 469 1753 ,i
483 1666 547 1741 ubi
573 1666 691 1740 Hatto
718 1662 976 1758 mogontiensis
991 1664 1150 1739 ecclefiae
1163 1670 1383 1745 venerabilis
1408 1692 1467 1745 ar-

198 1768 452 1867 chiepiscopus
465 1766 630 1864 praesenti
650 1780 815 1863 ternpore
832 1764 927 1840 abba
951 1762 1020 1838 else
1034 1763 1253 1854 dinoscitur,
1278 1790 1364 1842 cum
1388 1794 1467 1845 orn-

201 1870 316 1946 nibus
342 1868 521 1943 rebusad
544 1868 700 1943 eandem
724 1873 869 1942 curtem
884 1864 954 1939 rite
979 1864 1247 1962 pertinentibus
1260 1870 1409 1943 tradidit
1434 1870 1473 1945 in

201 1982 422 2071 perpetuam
443 1962 729 2068 proprietatem,
755 1967 796 2044 dc
816 1968 855 2041 in
875 1965 1244 2065 recompensationem
1277 1968 1379 2044 illius
1399 1983 1472 2043 tra-

202 2070 356 2147 ditionis
371 2071 512 2168 accepit
525 2072 599 2147 alia
613 2072 694 2145 loca
707 2069 774 2146 srbi
799 2068 938 2142 indein
952 2069 1168 2166 proprium,
1194 2070 1330 2165 quaein
1342 2070 1477 2166 quibus

197 2173 311 2272 pagis
325 2170 407 2259 fita,
436 2172 493 2245 vel
511 2170 756 2268 qualitersmt
769 2168 963 2243 nominata
979 2171 1039 2245 vel
1053 2192 1078 2244 a
1092 2192 1165 2265 quo
1179 2170 1360 2245 advocato
1373 2194 1475 2246 com·
1522 2218 1532 2229 ·

197 2270 431 2357 mutatasve
446 2286 613 2371 accepta,
639 2273 677 2347 in
690 2284 876 2371 praecepto
892 2268 1059 2365 ejusdem
1073 2268 1358 2365 Reginbodonis‚
1374 2272 1474 2368 quod

185 2376 247 2469 ¹ad
260 2372 552 2466 confirmandum
573 2371 789 2469 hujusmodi
815 2370 1075 2446 concambium
1091 2369 1156 2448 srbi
1178 2372 1350 2447 conscribi
1372 2372 1472 2469 jussr·

197 2498 311 2565 mus,
336 2472 505 2551 insertum
520 2477 738 2551 continetur.
791 2474 875 2549 Hoc
889 2472 944 2548 ita
955 2472 1100 2571 petatio
1121 2485 1293 2571 precatus
1313 2473 1363 2549 est
1376 2498 1470 2572 prae·

196 2579 337 2653 libatus
361 2576 543 2675 episcopus
561 2576 600 2654 dt
624 2577 741 2653 abbas
762 2574 951 2674 supradisii
973 2574 1129 2650 coenobii
1154 2575 1390 2650 clementiam
1405 2600 1469 2651 no-

136 2750 139 2757 .
195 2679 336 2766 stram,
360 2679 457 2753 hanc
472 2678 801 2781 commutationem
827 2674 865 2753 δι
880 2676 1119 2752 traditionem
1133 2674 1262 2754 nostrae
1276 2676 1469 2753 austorita'·
1515 2670 1518 2681 '
1559 2701 1564 2709 ·

144 2854 149 2867 ,
195 2783 248 2855 tis
261 2792 447 2877 praecepto
473 2779 640 2852 roborari.
691 2780 924 2877 Quapropter
938 2777 1009 2852 hoc
1029 2792 1255 2878 praeceptum
1275 2778 1360 2853 inde
1380 2802 1467 2859 con·

196 2878 311 2955 scribi
323 2874 512 2971 juffimus,
537 2880 707 2973 perquod
721 2880 897 2952 volumus
918 2892 1028 2977 atque
1048 2879 1152 2975 regia
1171 2880 1346 2978 potestate
1362 2876 1467 2975 jube·
1601 2938 1606 2948 ,

195 3004 316 3065 mus,
344 2988 403 3064 ut,
430 2974 528 3072 quod
541 2998 626 3075 pars
646 2978 743 3073 parti
755 2980 938 3067 contulit,
962 2980 1112 3056 firmum
1132 3002 1177 3055 ac
1192 2979 1317 3057 stabile
1342 3002 1466 3081 perpe·

195 3082 354 3159 tualiter
366 3077 556 3165 consistat,
581 3098 711 3172 resque
733 3078 947 3155 monasterio
960 3081 997 3156 in
1021 3082 1288 3158 huncmodum
1303 3084 1464 3171 collatae,
1611 3167 1616 3181 ,

196 3184 272 3259 hoc
297 3180 372 3268 est,
398 3178 573 3277 praediola
601 3179 713 3254 curtis
738 3202 825 3265 cum
853 3182 1067 3287 mancipiis,
1093 3182 1264 3278 sylvis&
1296 3185 1467 3258 omnibus

198 3281 424 3384 appenditiis
439 3279 511 3354 suis
524 3278 612 3354 illuc
638 3302 700 3379 per
714 3282 839 3359 omnia
855 3281 986 3361 saecula
999 3284 1211 3381 pertineant
1263 3284 1315 3359 Et
1329 3298 1373 3359 ut
1394 3283 1467 3356 hoc

198 3382 497 3461 confirmationis
518 3380 646 3456 nostrae
665 3397 888 3483 praeceptum
914 3384 1060 3459 finnum
1083 3397 1193 3479 atque
1216 3382 1342 3460 stabile
1356 3383 1468 3459 consr-

196 3484 271 3565 stat'
293 3540 304 3573 ‚
331 3507 447 3559 manu
473 3482 599 3584 nostra
615 3484 708 3559 illud
728 3484 990 3572 firmavimus,
1023 3483 1061 3561 dt
1078 3483 1193 3577 sigillo
1214 3484 1332 3559 nostro
1357 3483 1469 3560 consr-

197 3588 314 3686 g'nari
336 3583 511 3681 jussimus.
563 3582 739 3660 Ernustus
764 3584 1004 3659 cancellarius
1027 3584 1076 3659 ad
1088 3585 1207 3659 vicem
1231 3585 1472 3660 Theothmari

198 3686 490 3787 archicapellani
504 3679 706 3779 recognovi.
760 3686 859 3761 Data
887 3739 897 3757 .
926 3739 936 3759 .
964 3738 974 3758 .
1002 3707 1098 3759 anno
1112 3684 1370 3761 incarnationis
1396 3686 1469 3760 Do-
1538 3724 1615 3811 906.

198 3788 302 3863 mini
329 3784 551 3875 DCCCCVI,
566 3786 760 3863 indistione
787 3786 913 3875 VHll,
940 3808 1039 3863 anno
1059 3796 1185 3863 autem
1210 3787 1313 3885 regni
1343 3788 1468 3867 domui

202 3885 415 3967 Hludovici
440 3888 519 3965 Vll.
1056 3886 1064 3895 ’
1172 3960 1177 3968 ,
1531 3931 1537 3944 ·

286 4040 288 4045 .
348 4041 352 4049 ·
625 4028 627 4037 ¹
759 4016 797 4080 ,’
881 3986 926 4079 Ο
1010 4035 1013 4040 <
1301 3988 1413 4081 Prae·
1483 4024 1487 4030 ·
