4000 5417
438 396 546 486 Sec.
577 392 1183 515 lXCntr'oc=ocanss.1mr.
1409 426 1457 507 83

1286 628 1462 647 ἠ

193 736 288 805 rum
304 705 477 796 suorum
494 704 758 823 privilegium
774 704 980 796 libertatis
997 708 1042 797 bv
1061 708 1114 794 de
1123 706 1323 799 electione
1341 711 1460 797 abba·

191 822 247 907 tis·
265 820 665 954 eidem-monasterio
682 817 821 909 taliter
845 820 1123 909 confirmavit.

748 1034 905 1127 XLIV.

188 1159 451 1281 Praeceptum
471 1176 492 1222 ¹*
509 1164 769 1255 immunitatis
794 1168 932 1257 Caroli
950 1166 1001 1265 ὅ
1018 1169 1067 1255 de
1085 1162 1272 1257 cleli'r'onc
1290 1154 1677 1259 abbatiummicfreb.

217 1358 245 1409 n
261 1332 406 1409 nomine
429 1333 559 1409 santrae
583 1332 623 1409 dc
647 1332 847 1409 individuae
871 1334 1072 1411 Trinitatis.
1125 1335 1313 1413 Cauocvs
1336 1336 1464 1413 divina

242 1432 394 1511 favente
421 1436 618 1511 clementia
642 1435 842 1533 imperator
858 1434 1058 1533 Augustus.
1111 1438 1252 1514 Notum
1266 1439 1402 1538 quippe
1419 1438 1463 1513 fit

190 1536 364 1611 omnibus
388 1536 558 1613 fidelibus
583 1534 713 1611 nostris
738 1550 816 1611 tam
840 1538 1079 1635 praesentibus
1099 1560 1214 1635 quam
1239 1539 1279 1617 dc
1305 1540 1459 1629 iuturIs,

191 1638 351 1732 qualiter
364 1638 496 1713 fratres
513 1662 561 1712 ex
578 1635 809 1725 monasterio,
824 1640 924 1734 quod
940 1640 1076 1731 dicitur
1101 1640 1328 1729 lauresham,
1353 1641 1392 1718 dt
1406 1640 1459 1715 est

190 1736 438 1813 constructum
462 1740 662 1814 inhonore
687 1736 745 1815 sti
770 1738 947 1825 Nazarii,
989 1738 1149 1813 nostram
1170 1742 1351 1837 deprecati
1377 1742 1459 1817 lunt
1575 1824 1579 1831 ¹

150 1846 152 1855 '
189 1839 456 1927 clementiam,
481 1852 525 1915 ut
545 1853 730 1938 praecepta
753 1838 1017 1915 antecessorum
1038 1838 1240 1914 nostrorum
1252 1862 1318 1938 per
1331 1841 1460 1917 nostrae
1596 1912 1603 1920 .

192 1939 423 2015 auctoritatis
445 1956 668 2041 praeceptum
683 1962 748 2040 per
771 1941 901 2017 omnia
913 1938 1230 2015 confirmaremus.
1282 1940 1360 2015 Nos
1376 1964 1463 2017 vero

185 2038 494 2139 postulationibus
515 2064 645 2117 eorum
660 2044 706 2117 ob
724 2064 892 2117 amorem
919 2042 988 2117 Dei
1010 2040 1192 2138 sanctique
1220 2040 1393 2128 Nazarii,
1419 2066 1462 2117 ac

188 2138 325 2218 nostrae
358 2144 534 2217 mercedis
560 2156 805 2239 augmentum
838 2141 1132 2227 consentientes,
1157 2143 1388 2217 decrevimus
1409 2145 1464 2219 ita

56 2266 59 2273 ·
187 2240 283 2315 fieri.
336 2242 483 2341 insuper
497 2245 612 2319 etiam
626 2244 776 2343 propius
789 2243 1007 2342 postulaturi
1031 2244 1265 2329 accedentes,
1290 2257 1335 2317 at
1349 2244 1462 2319 licen·

188 2344 283 2417 tiam
299 2342 352 2418 eis
367 2344 462 2419 inter
478 2344 514 2417 se
528 2345 701 2421 abbatem
722 2344 883 2439 eligendi
898 2344 1203 2433 concederemus3
1217 2346 1316 2439 quod
1333 2344 1462 2419 libenti

189 2445 316 2519 animo
333 2445 386 2520 ita
400 2446 660 2536 concedimus,
686 2470 731 2521 eo
747 2444 887 2521 scilicet
908 2446 1062 2521 rationis
1087 2458 1238 2529 tenore,
1265 2444 1461 2541 quamdiu

188 2547 279 2621 talis
301 2546 499 2622 interillos
522 2548 679 2625 inveniri
698 2546 828 2646 poliat,
855 2546 918 2645 qui
934 2546 1044 2642 digne
1065 2545 1104 2622 a
1120 2546 1337 2642 regulariter
1368 2570 1459 2623 eun-

187 2647 279 2721 dem
301 2648 421 2723 locum
447 2672 638 2747 procurare
662 2662 802 2745 queat,
828 2647 867 2724 ἃ
890 2647 1092 2723 secundum
1112 2648 1293 2724 mandata
1314 2648 1460 2725 abbatis

187 2748 380 2843 Beneditti
411 2750 565 2825 nova&
582 2762 712 2825 vetera
732 2748 892 2849 proferre
915 2752 1052 2825 valeat
1104 2750 1212 2825 litut
1231 2750 1314 2827 haec
1338 2748 1459 2826 nostra
1533 2772 1541 2789 ‘

123 2938 125 2944 Ι
190 2846 546 2923 auctoritas-firmor
564 2848 774 2935 habeatur,
799 2872 914 2925 manu
928 2852 1076 2949 propria
1092 2848 1212 2925 subter
1234 2874 1319 2925 eam
1335 2850 1459 2927 firma-

188 2950 340 3035 vimuS,
367 2944 406 3023 dt
431 2947 542 3021 anulo
568 2944 687 3019 noiiro
712 2946 858 3043 iigillari
879 2948 1057 3044 jullvmus.
1109 2952 1246 3031 Waldo
1277 2954 1477 3029 cancella-⁴

189 3052 274 3125 rius
300 3049 346 3123 ad
373 3046 493 3123 vicem
545 3046 750 3122 Liutwardi
777 3048 1061 3149 archicapellani
1084 3055 1280 3149 recognovi
1306 3053 1344 3130 u
1380 3054 1462 3131 sub'·

189 3147 325 3251 scripsi.
352 3148 508 3228 Da'taV
534 3147 720 3223 Kalendas
748 3152 859 3226 llart.
901 3176 996 3227 anno
1026 3155 1288 3230 incarnationis
1311 3156 1463 3229 Domini
1496 3201 1548 3267 ²5·
1564 3185 1652 3254 Febr.

90 3342 93 3355 Ι
192 3248 534 3334 DCCCLXXXllL
549 3247 739 3325 indidiione
754 3250 789 3339 l,
815 3277 911 3327 anno
925 3254 1070 3353 imperii
1083 3254 1316 3353 imperatoris
1341 3254 1467 3331 Caroli
1517 3280 1616 3351 agg
1649 3296 1657 3308 ·

194 3354 240 3432 11.
274 3352 411 3429 Attum
428 3350 476 3425 ad
505 3348 639 3423 Ulmum
656 3348 694 3425 in
718 3352 787 3425 Dei
801 3354 950 3429 nomine
965 3354 1120 3429 feliciter
1135 3377 1256 3431 amen.

177 3566 178 3570 '
299 3488 504 3637 althario*
515 3534 758 3637 Gerhardus
768 3554 897 3637 abbas
915 3554 1266 3640 annoDominicae
1285 3558 1465 3641 neuma:
1479 3554 1669 3629 *ocurrer

160 3734 167 3743 .
329 3664 456 3748 tionis
472 3662 1463 3769 DCCCLXXXHLvirnobilisfflirenuusiuc·

197 3774 341 3876 ceila,
370 3774 414 3861 ἃ
432 3772 478 3861 Χ
495 3776 612 3860 annis
638 3777 826 3886 ejusdem
845 3776 927 3862 loci
954 3780 1139 3890 regimen
1169 3780 1317 3869 tenuit.
1372 3780 1461 3870 Sub

195 3914 289 4027 quo¹
305 3889 434 3975 etiarn
459 3888 570 3979 idern
597 3890 827 4005 Imperator
855 3887 1031 4091 {erolus
1053 3892 1261 4005 praedium
1283 3888 1402 3979 suurn
1419 3897 1460 3981 in

924 4033 954 4099 2
1040 4117 1047 4142 ἱ
1302 4033 1406 4144 ΒΙἛ·
