4000 5417
165 505 484 631 Heidelberga
521 494 758 616 dederat,
806 494 1031 603 eodioem
1058 500 1303 629 integrum
1321 491 1443 639 'post

164 702 301 813 CLX
327 727 486 803 annos
511 726 640 799 nova
665 694 770 799 orbi
794 694 983 798 emdito
1002 692 1173 813 offert,
1207 692 1442 799 Marmhe.

162 904 325 1007 mium
350 928 366 1009 ;
403 890 532 1026 quod
570 891 814 1024 quomodo
854 888 960 997 fieri
1001 895 1256 1045 potuerit,
1292 924 1440 1027 expo-

164 1123 343 1205 nemus.
361 1122 495 1239 mmo
519 1072 705 1224 pau'cis.

241 1372 421 1478 Parum
454 1332 599 1529 sapia
634 1366 924 1471 decennium
955 1367 1052 1492 est,
1083 1398 1197 1477 cum
1221 1370 1440 1496 traditio,-
1505 1458 1510 1467 .

169 1600 288 1675 num
312 1564 800 1673 Laureshamensulm
825 1566 1003 1701 absque
1026 1569 1252 1675 chronico
1277 1596 1439 1673 exem·

170 1762 311 1903 plum
338 1842 352 1887 ,
375 1767 452 1869 ‘ex
473 1722 754 1867 'Beiieliano
792 1724 1078 1900 descriptum
1110 1846 1124 1891 ‚
1167 1773 1224 1871 in
1252 1768 1438 1871 tabula·

174 1966 305 2063 rium
333 1960 582 2061 eleiioraie
607 1958 912 2082 Palatinum,
937 1992 1058 2063 cura
1089 1958 1440 2102 sapientiffimi‚

173 2188 273 2289 quo
297 2157 590 2282 gloriamur,
617 2156 887 2287 principiS‚
915 2150 1121 2257 Cmrou
1149 2150 1445 2295 Tuaomm,

130 2344 138 2355 ’
169 2349 321 2453 rediit.
390 2341 657 2449 Academia
675 2344 854 2447 deinde
877 2344 972 2447 hac
994 2344 1253 2446 felicifflme
1277 2346 1448 2459 consti,

170 2562 312 2666 tuta,
348 2506 531 2675 istoque
571 2544 797 2678 exemplo
834 2544 886 2643 in
919 2536 1033 2642 usus
1069 2545 1174 2669 ejus
1208 2542 1444 2649 literarios

170 2732 379 2861 tradita,
417 2767 529 2841 cum
555 2734 946 2871 animadversum
971 2736 1131 2839 statim
1144 2733 1319 2859 fuiffet,
1337 2737 1445 2843 cor‘·

172 2968 271 3073 pus
305 2934 468 3067 eapite
502 2926 587 3031 suo
620 2904 899 3035 truncatum
931 2908 1090 3066 meque
1120 2965 1151 3036 a
1183 2940 1316 3037 vitiis
1342 2941 1447 3047 aliis

170 3096 477 3235 librariorum
517 3130 663 3262 eulpa
716 3125 807 3231 eise
840 3132 1112 3252 immune,
1158 3131 1446 3266 providente

174 3331 352 3445 iterum
378 3324 672 3459 populorum
695 3318 890 3429 suorum
917 3327 965 3431 δι
998 3323 1244 3431 mniamm
1268 3328 1448 3433 nostra-

180 3552 289 3624 rum
325 3518 567 3623 mitiifimo
584 3534 724 3657 patre
747 3525 1120 3657 impetravimus
1138 3596 1153 3640 ‚
1171 3542 1245 3621 ·ut
1259 3556 1321 3625 ex
1346 3522 1451 3623 Mo·
1517 3506 1525 3515 ’

106 3836 111 3845 ,
175 3720 381 3854 guntino
409 3716 675 3852 archetypo
702 3733 951 3892 tum-qaae
988 3711 1276 3833 deficerent,
1303 3710 1451 3819 resar-

172 3914 412 4033 cirentur,
439 3930 546 4017 tum
564 3946 674 4051 quae
702 3907 873 4019 vitiosa
890 3906 1060 4032 eiiem,
1081 3911 1447 4041 corrigerentur.

761 4128 862 4257 ba
1212 4124 1385 4243 Quam·
