4000 5417
511 1892 519 1907 x
538 1889 542 1899 ι

520 482 582 587 'od
768 428 772 433 v
904 472 1482 557 crinonnicninrn·

533 702 709 721 ..n-¹*

534 804 578 863 ut
592 788 672 865 haec
692 784 888 861 austoritas
904 778 1134 869 conceffionis
1152 791 1263 874 atque
1285 775 1577 854 confirmationis
1597 780 1725 857 nostiae
1747 779 1810 855 fir-

534 892 630 965 mior
652 888 858 973 habeatur,
885 883 922 960 dt
940 904 1005 982 per
1019 881 1145 957 sutura
1165 894 1368 978 temporaa
1389 879 1528 953 cuntiis
1552 878 1807 955 fidelibusno·

535 992 614 1068 mis
636 992 759 1064 verius
773 986 967 1072 credatur,
994 997 1104 1082 atque
1117 980 1328 1084 diligentius
1352 980 1605 1069 conservetur,
1631 983 1678 1056 de
1691 982 1809 1077 sigillo

535 1090 653 1169 nostro
667 1092 789 1167 subter
801 1110 885 1164 eain
897 1082 1064 1182 jussimus
1076 1082 1235 1179 sigillari.
1287 1084 1493 1158 Gomeatus
1507 1082 1676 1159 notarius
1689 1084 1737 1158 ad
1752 1087 1809 1159 vi·

535 1218 616 1271 cem
642 1191 824 1270 Grimaldi
842 1184 1126 1287 archicapellani
1153 1185 1360 1279 recognovi.
1395 1184 1493 1259 Data
1514 1184 1587 1261 XV
1616 1185 1807 1261 Kalendas

535 1294 703 1396 Aprilis,
731 1317 855 1378 anno,
882 1288 1024 1365 Christo
1040 1286 1216 1386 propitio,
1241 1286 1367 1364 XXVI
1392 1286 1496 1381 regni
1516 1286 1659 1361 domini
1683 1286 1809 1362 Ludo·

535 1399 623 1475 ivicl
655 1392 886 1493 gloriosissimi
912 1392 1010 1489 regis
1034 1391 1073 1463 in
1097 1387 1265 1464 orientali
1291 1387 1471 1475 Francia,
1507 1386 1716 1463 naimone
1739 1390 1807 1466 vi.

535 1498 672 1581 Assum
686 1498 937 1571 semitonium
951 1488 1088 1593 palatio
1105 1490 1204 1585 regio
1222 1490 1261 1565 in
1276 1490 1344 1565 Dei
1360 1488 1508 1565 nomine
1522 1488 1806 1567 felleiteramen.

537 1700 650 1873 Per
674 1696 786 1783 ideni
806 1670 973 1809 tempus
1000 1690 1257 1782 Ludowicus
1284 1718 1363 1775 rex
1380 1689 1642 1800 quorundam
1657 1691 1808 1804 praedi-

631 1838 753 1895 orum
769 1808 1142 1891 commutationem
1157 1830 1256 1888 cuin
1272 1800 1458 1914 quodam
1484 1803 1651 1888 Tutone
1667 1801 1815 1889 illustri'

468 1982 469 1987 κ
538 1926 632 2011 viro
657 1916 776 2017 lecit,
806 1944 987 2034 quorum
1006 1918 1177 2004 donatio
1193 1916 1331 2049 postea
1357 1912 1700 2002 Laureshamensi
1717 1943 1806 2000 mo-

410 2105 416 2113 .
536 2036 711 2123 nasteiio
747 2060 821 2146 per
846 2054 1051 2145 utrosque
1076 2030 1234 2117 accellit
1264 2088 1275 2128 ‚
1305 2028 1427 2139 cujus
1461 2032 1805 2116 commutationis

537 2146 762 2236 austoritas
792 2144 883 2232 haec
900 2143 968 2230 est.

1039 2274 1265 2422 pfflll.

437 2383 457 2442 μ
561 2406 820 2501 Commutatio
840 2392 1155 2611 gadomicel'pmn
1175 2408 1335 2607 {utone
1351 2404 1394 2491 in
1424 2402 1711 2497 &stotesheim
1729 2405 1774 2498 in

1093 2549 1174 2607 rerc
1197 2548 1294 2633 gou.

538 2698 590 2826 ln
604 2684 751 2761 nomine
765 2683 894 2762 sanstae
915 2684 953 2763 dt
968 2686 1168 2765 individuae
1183 2686 1385 2765 Trinitatis.
1418 2686 1658 2765 Lunowicus
1679 2688 1807 2767 divina
1832 2755 1837 2761 .

591 2788 737 2863 favente
752 2787 873 2884 gratia
886 2811 963 2864 rex.
1015 2790 1056 2866 Si
1069 2790 1307 2908 petitionibus
1322 2788 1486 2865 fidelium
1500 2788 1703 2869 nostrorum
1712 2788 1807 2887 juste

540 2890 743 2990 petentium
765 2913 871 2967 aures
898 2889 1103 2969 serenitatis
1116 2890 1246 2971 nostrae
1261 2891 1641 2982 accomodaverimus,
1665 2918 1740 2969 non
1752 2892 1805 2968 so·

541 2994 621 3067 lum
642 2992 784 3087 regium
798 3016 938 3068 morem
961 2994 1130 3070 decenter
1142 2994 1365 3092 implemus,
1393 2996 1658 3070 verumetiam
1677 2996 1806 3093 procul

540 3094 653 3173 dubio
669 3092 849 3169 fideliores
874 3118 917 3170 ac
934 3095 1140 3179 devotiores
1186 3120 1228 3170 os
1253 3095 1292 3171 iu
1312 3089 1427 3171 nostro
1447 3094 1627 3170 efficimus
1641 3094 1802 3173 servitio.

541 3195 680 3269 Idcirco
705 3196 849 3271 noverit
864 3198 1031 3273 omnium
1054 3198 1140 3274 sidel
1154 3220 1218 3273 uni
1240 3197 1451 3284 nostrorum,
1465 3194 1696 3295 praesentium
1711 3195 1803 3271 scili·

480 3291 487 3309 ‘
539 3313 599 3373 cet
613 3297 651 3373 u
664 3297 889 3386 futurorum,
914 3292 1110 3388 industria,'
1132 3300 1290 3400 qualiter
1301 3300 1454 3396 quidam
1466 3296 1521 3374 vir
1533 3296 1722 3394 fidelisque
1734 3322 1803 3373 no·

540 3399 608 3475 ster
622 3401 769 3502 nomine
784 3400 914 3489 loro,
931 3402 1081 3477 veniens
1094 3401 1133 3476 in
1144 3424 1339 3501 procerum
1352 3402 1551 3477 nostrorum
1564 3398 1803 3499 praesentiam,

540 3500 737 3601 postulavit
751 3500 977 3577 serenitatem
991 3502 1167 3590 nostiam,
1193 3517 1236 3579 ut
1258 3505 1292 3579 ei
1307 3503 1354 3578 ob
1369 3502 1546 3579 mercedis
1558 3499 1685 3578 nostrae
1709 3522 1805 3597 aug-

540 3616 708 3679 mentum
724 3602 907 3699 quandam
927 3607 1256 3682 commutationem
1270 3605 1502 3705 proprietatis
1527 3603 1600 3680 suae
1614 3602 1805 3687 nobiscum

538 3705 657 3781 facere
673 3705 822 3794 liceret,
847 3729 956 3803 quem
962 3723 1121 3881 propter
1144 3707 1331 3783 servitium
1346 3706 1469 3795 suum,
1493 3704 1534 3782 dr
1547 3706 1724 3782 mercedis
1734 3730 1804 3779 no·

538 3806 617 3883 strae
634 3824 873 3903 augmentum
896 3808 948 3883 ita
977 3832 1081 3885 acere
1105 3808 1347 3909 permisimus.
1398 3808 1570 3899 Itadidit
1582 3808 1697 3905 igitur
1698 3829 1803 3909 „Qe-

536 3906 963 4009 fatua...T..v.if›„..deulm
975 3912 1214 4011 proprietatis
1228 3910 1300 3987 suae
1317 3910 1627 4011 ‚.‚.coa.s1ttnnins
1643 3908 1681 4005 io
1699 3909 1803 3999 roni-

492 4048 501 4063 ’
536 3996 1804 4185 ‘attSistlv13.iv,ijiaeauss⁶⁰iantt.stellaria{eulpam

1051 4120 1054 4124 ’
1442 4116 1511 4171 '.
1686 4110 1751 4186 ici·
