4000 5417
494 417 600 497 Sue.
627 418 689 495 IX
712 420 975 497 Lunovrco
1004 439 1085 496 1³10
1112 446 1217 499 rme.
1358 514 1362 520 ,
1401 447 1449 523 45

928 586 1452 607 *tw-u

186 634 358 649 *-

182 721 231 797 tis
243 720 418 821 obsequio
431 720 472 797 δι
490 721 704 799 obedientiae
714 724 912 801 devotione
932 724 1005 801 hoc
1025 727 1123 825 apud
1135 726 1363 803 breuitatem
1388 752 1451 803 no·

182 822 295 899 stram
310 828 422 927 digne
436 837 618 899 mereatur
630 824 799 923 adipisci,
826 828 890 925 qui
909 827 1000 903 totis
1025 826 1208 903 mensibus
1234 853 1350 927 usque
1364 850 1449 925 qua·

172 951 256 1024 que
283 928 401 1007 noliro
426 924 586 1013 servitio,
610 924 737 1003 nostris
764 925 976 1023 jussionibus
998 928 1156 1005 fideliter
1168 953 1295 1029 parere
1321 928 1447 1007 studet

183 1029 276 1107 lnde
296 1028 439 1107 noverit
452 1026 702 1126 experientia,
728 1042 838 1125 atque
858 1032 1000 1107 utilitas
1013 1032 1182 1107 omnium
1208 1030 1372 1107 fidelium
1386 1058 1450 1108 no-

182 1128 357 1219 strorum,
373 1146 452 1207 tam
478 1127 710 1229 praesentium
723 1153 835 1227 quam
860 1131 899 1208 dt
918 1134 1148 1221 futurorum,
1174 1134 1259 1231 quia
1282 1134 1447 1211 concessi·

181 1256 268 1309 mus
283 1236 403 1311 eidem
419 1230 519 1307 lideli
534 1229 653 1307 nostro
660 1230 933 1320 Einhardo‚nec
949 1234 1223 1333 non&c0njugi
1238 1234 1448 1315 suaelmmns

181 1334 221 1409 in
235 1336 400 1435 partibus
413 1333 625 1411 Germania
639 1333 774 1421 locum,
789 1335 851 1431 qui
864 1350 1017 1413 vocatur
1042 1338 1266 1439 Miclzlinflat,
1280 1338 1318 1413 in
1332 1337 1448 1435 sylva,

183 1459 267 1533 quae
281 1452 435 1515 vocatur
463 1435 664 1510 Odunewalt
679 1488 689 1521 ,
703 1434 743 1509 in
757 1432 864 1531 cujus
877 1438 996 1513 medio
1009 1438 1060 1513 est
1071 1436 1216 1515 basilica
1231 1441 1353 1537 lignea
1368 1464 1448 1515 mo·

183 1540 262 1615 dica
278 1539 500 1624 constructa,
526 1537 572 1641 de
589 1558 665 1634 qua
680 1536 718 1611 in
732 1558 882 1613 onmem
895 1552 1037 1638 partem
1063 1564 1209 1637 quaqua
1222 1542 1348 1619 versus
1366 1566 1447 1642 per·

181 1639 302 1717 tinent
316 1644 364 1717 ad
378 1640 537 1717 eundem
561 1640 686 1714 locum
699 1638 796 1713 inter
815 1640 1039 1739 campum&
1051 1639 1194 1737 sylvam
1219 1646 1335 1741 leugae
1350 1646 1446 1734 duae,

181 1740 307 1832 idest,
332 1743 425 1819 ralla
438 1764 539 1831 una,
566 1741 663 1815 intra
676 1737 780 1836 cujus
794 1742 970 1818 mensurae
994 1741 1286 1840 circumplexum
1298 1760 1449 1822 manent

180 1840 351 2022 slsis
373 1840 1454 2021 stat?sssl⁰lbtllsl0ssllztsatlltlb

182 2046 337 2134 ninas,
363 2046 544 2144 mancipia
557 2068 619 2119 xc.
647 2046 759 2121 Hunc
773 2046 900 2122 locum
926 2068 1012 2119 cum
1031 2045 1201 2119 terminis
1224 2044 1296 2120 suis
1312 2046 1376 2121 sub
1401 2047 1455 2123 in·

134 2148 359 2244 ·.tegritate
384 2146 424 2222 &
445 2147 636 2245 mancipiis
657 2146 758 2234 suis,
783 2171 853 2221 nec
879 2170 952 2221 non
977 2145 1016 2221 dt
1038 2146 1196 2234 villam,
1223 2168 1308 2243 quae
1322 2147 1456 2223 dicitur

178 2249 389 2325 Mulinlrcim
404 2300 416 2334 ,
442 2267 526 2344 quae
541 2247 640 2322 estin
655 2270 752 2346 pago
777 2248 1018 2343 Moynecglme
1031 2246 1111 2335 lita,
1127 2246 1231 2345 super
1245 2246 1362 2345 ripam
1384 2248 1453 2325 llu'-

179 2351 292 2425 minis
314 2350 456 2445 Moysi,
471 2371 553 2445 quae
567 2350 756 2445 quondam
783 2349 997 2423 Dnouours
1017 2370 1187 2423 comrrrs
1197 2346 1355 2447 possesso
1367 2349 1451 2441 suit,

179 2452 217 2529 aa
248 2449 363 2528 babet
389 2450 571 2525 basilicam
594 2473 750 2549 parvam
777 2472 885 2525 muro
903 2450 1062 2537 fatiam,
1089 2450 1127 2525 in
1153 2472 1227 2547 qua
1253 2449 1342 2526 villa
1366 2451 1449 2527 sunt

179 2554 295 2630 mansi
318 2548 422 2649 xvjjjj
460 2551 605 2629 &servi
626 2552 793 2652 praesenti
809 2566 975 2651 tempore
997 2564 1194 2627 manentes
1207 2576 1296 2627 cum
1321 2552 1448 2628 uxori·

179 2657 248 2731 bus
263 2655 306 2731 δι
320 2654 445 2743 liberis
470 2662 621 2730 numero
634 2652 710 2750 xjjJ'.
737 2654 813 2731 Seu
827 2652 918 2729 &in
944 2653 1062 2729 altera
1076 2654 1168 2730 vissa
1182 2653 1314 2729 eodem
1331 2678 1450 2730 ‘voca-

177 2758 269 2833 bulo
285 2756 392 2852 supra
414 2755 570 2827 'eundem
582 2756 761 2841 fluvium,
787 2778 870 2851 quae
886 2770 1041 2831 vocatur
1062 2754 1208 2851 inferior
1231 2757 1449 2844 Mulinlteim,

42 2860 43 2863 ’
179 2862 220 2933 in
237 2878 317 2952 qua
342 2854 424 2927 sunt
437 2850 549 2925 mansi
570 2850 636 2946 ijjj,
651 2853 690 2927 &
712 2854 805 2927 servi
824 2870 1018 2932 manentes
1040 2856 1197 2931 totidem
1212 2880 1299 2931 cum
1324 2859 1449 2931 uxori·

178 2961 278 3046 bus,
307 2953 346 3030 δι
370 2952 558 3053 parvulis,
586 2954 647 3049 qui
677 2954 859 3049 pertinent
889 2955 937 3030 ad
961 2958 1121 3055 superius
1145 2958 1279 3033 disiam
1305 2958 1446 3035 villam.

177 3063 293 3138 Hanc
320 3056 476 3142 villam,
503 3054 629 3141 idest,
650 3049 857 3150 superiorem
881 3058 1086 3132 Mulinlaim
1120 3082 1206 3133 cum
1233 3061 1449 3159 appenditiis

179 3163 271 3249 suis,
302 3158 340 3235 δι
356 3155 549 3255 mancipiis
564 3154 716 3253 propriis
728 3156 776 3236 ad
790 3180 873 3233 eam
899 3160 1188 3259 pertinentibus,
1215 3160 1252 3237 dt
1272 3163 1354 3240 baec
1369 3186 1448 3236 om·

179 3262 241 3340 nia
255 3263 364 3361 supra
377 3260 510 3356 scripta
525 3278 611 3331 cum
637 3256 817 3346 ecclesiis,
843 3260 1061 3349 villaribus,
1087 3262 1282 3350 domibus,
1308 3262 1449 3337 manci·

178 3367 247 3466 piis
263 3421 273 3455 ,
290 3363 422 3461 sylvia,
447 3356 575 3445 terriS,
596 3356 729 3456 pratis,
754 3358 915 3460 pascuis,
930 3362 1054 3459 aquis,
1080 3386 1305 3459 aquarumve
1319 3358 1447 3438 decu}-

179 3468 299 3553 srbus‚
326 3464 472 3539 cultum
487 3456 722 3535 &incultum
736 3513 748 3549 ,
774 3483 861 3535 cum
881 3464 1053 3537 omnibus
1068 3462 1306 3556 adjacentiis,
1331 3463 1370 3540 ἂ
1384 3486 1448 3563 ap·

175 3567 357 3670 penditiis
371 3574 490 3639 totum
504 3558 541 3637 dt
555 3563 603 3637 ad
616 3562 803 3659 integrum
816 3560 985 3659 praedicto
998 3562 1097 3636 lideli
1111 3562 1228 3637 nostro
1249 3564 1448 3653 Einhardo,

176 3672 218 3749 &
232 3665 386 3762 conjugi
399 3663 476 3739 eius
490 3662 620 3741 Immae
634 3664 672 3738 in
685 3662 875 3763 proprium
903 3686 965 3761 per
984 3662 1080 3737 hanc
1094 3661 1222 3740 nostrae
1244 3665 1448 3741 donationis

176 3770 435 3850 auctoritatem
450 3764 704 3854 concessimus,
732 3766 786 3841 ita
809 3764 1003 3853 videlicet,
1030 3781 1073 3841 ut
1088 3764 1263 3863 quicquid
1282 3766 1329 3843 ab
1341 3766 1447 3843 hodi·

176 3897 272 3951 erna
288 3870 348 3948 die
360 3870 395 3944 in
410 3868 573 3944 futurum
588 3868 633 3943 de
645 3866 828 3967 praedietis
842 3868 948 3944 rebus
962 3868 1000 3947 a
1017 3868 1128 3957 locis,
1144 3870 1204 3945 vel
1217 3871 1264 3946 de
1277 3869 1347 3957 his,
1364 3893 1445 3981 quae

173 3971 500 4087 adeas-pertinent
511 4021 523 4061 ‚
542 3966 624 4067 jure
646 3970 877 4149 haereditarpp
898 3968 1017 4049 facere
1030 3971 1239 4065 voluerint,
1265 3972 1305 4050 in
1322 3973 1442 4153 pinni·

893 4095 915 4168 3
1349 4100 1414 4161 υδ,
