4000 5417
605 427 680 504 ⁵14
1048 390 1407 480 tnnnmonns'

604 619 1835 652 *W*

819 839 1001 932 Duratio
1023 703 1354 955 Angifflll&
1380 836 1662 952 Regiumizae.

606 1015 707 1148 Nos
728 1005 935 1106 Angilrada
948 1009 986 1087 dt
1011 1007 1228 1106 Reginwiza
1240 1027 1306 1108 pro
1332 1007 1401 1083 Dei
1416 1005 1553 1082 intuitu
1567 1009 1630 1083 vel
1653 1004 1836 1106 premina-

690 1131 774 1186 rum
789 1112 991 1188 nostrarum
1004 1112 1189 1188 donamus
1203 1111 1253 1186 ad
1268 1108 1431 1184 santium
1457 1109 1525 1200 Dei
1540 1123 1737 1205 martyrem
1745 1109 1835 1184 Naza-

605 1213 704 1288 rium
721 1213 791 1290 dte.
814 1210 828 1308 j
842 1212 977 1310 jurnal.
996 1214 1035 1289 in
1060 1213 1305 1290 Mannenieim
1325 1213 1370 1286 de
1384 1212 1834 1308 terra-araturiaadiepne

607 1314 704 1390 sente
720 1315 901 1392 tradimus
916 1317 954 1393 in
970 1317 1039 1393 Dei
1055 1317 1201 1391 nomine
1216 1313 1477 1414 perpetualiter
1490 1313 1539 1389 ad
1554 1312 1783 1411 poffidendum
1794 1309 1837 1384 sti·

404 1467 408 1484 .
608 1419 796 1518 pulatione
824 1416 988 1494 subnixa.
1042 1417 1179 1493 Atium
1201 1418 1240 1492 in
1265 1415 1483 1492 monasterio
1507 1414 1716 1490 lauresham
1735 1413 1836 1489 lilka·

423 1545 478 1612 30·
493 1526 578 1612 Aug.
607 1511 736 1596 lendas
754 1520 854 1619 Sept.
871 1529 967 1596 anno
982 1521 1072 1596 XVI
1084 1520 1186 1615 regni
1212 1518 1352 1606 domini
1373 1516 1480 1594 nostri
1493 1515 1642 1616 Pippini
1659 1512 1780 1612 glorior
1795 1538 1837 1588 re·

607 1619 676 1717 gis.
705 1621 861 1715 Signum
877 1621 1093 1720 Angilradae
1108 1621 1146 1698 dt
1160 1620 1415 1717 Reginwizae,
1440 1619 1507 1716 qui
1520 1619 1622 1694 hanc
1643 1618 1836 1695 donationem

606 1722 772 1799 fecerunt
787 1723 825 1802 dt
840 1723 981 1801 firmari
996 1736 1230 1821 rogaverunt
1283 1723 1514 1800 Harilandus
1528 1719 1676 1821 scripsit.

866 2047 871 2056 .
947 1983 952 1994 ‚
1139 1924 1336 2018 DLVIII.

888 2075 1069 2172 Donatio
1093 2075 1244 2185 Ditulfi
1266 2074 1309 2164 in
1335 2074 1464 2163 eadem
1491 2075 1601 2165 villa.

600 2243 735 2384 Anno
750 2242 853 2320 XIIII
878 2244 980 2339 regni
994 2243 1136 2319 domini
1150 2241 1259 2318 nostri
1284 2241 1429 2341 Pippini
1443 2244 1561 2338 regis,
1587 2266 1655 2340 ego
1677 2240 1838 2320 Theudui·

688 2346 749 2422 fus
765 2347 861 2420 dono
877 2345 925 2420 ad
942 2345 1102 2422 santium
1128 2344 1198 2420 Dei
1213 2352 1417 2442 martyrem
1431 2341 1630 2421 Nazarium
1637 2346 1700 2422 uc.
1720 2344 1838 2440 jurnai.

597 2445 613 2546 j
632 2449 677 2523 de
692 2463 789 2522 terra
802 2449 964 2522 araturia
980 2449 1019 2522 in
1045 2447 1291 2525 Mannenheim
1313 2447 1409 2522 adie
1423 2445 1607 2546 praesenti,
1633 2461 1672 2521 ut
1683 2447 1837 2540 deinceps

604 2547 781 2644 adipsum
797 2549 920 2622 locum
937 2547 1097 2624 tanuen
1113 2549 1395 2646 omnitempore
1411 2548 1572 2647 proficiat
1587 2550 1624 2622 in
1643 2545 1836 2642 augmentis

601 2647 831 2747 stipulatione
851 2647 1015 2724 subnixa.
1041 2647 1178 2725 Atium
1195 2651 1235 2726 in
1252 2653 1331 2726 loco
1347 2651 1517 2750 publico,
1541 2651 1601 2749 qui
1612 2648 1735 2725 dicitur
1749 2648 1839 2720 Lau·
1913 2702 1914 2705 ,

602 2750 747 2826 ruham.
773 2745 928 2844 Signum
954 2749 1108 2838 Ditolfi,
1133 2752 1200 2851 qui
1221 2752 1318 2829 hanc
1344 2745 1725 2854 donationemfe'cit,†
1753 2749 1839 2826 Rut-
1913 2750 1914 2769 ¹

599 2852 707 2964 perti.
758 2849 910 2930 Samuel
932 2851 1079 2954 scripsit.
1452 2935 1456 2943 ,
1913 2882 1915 3009 y

854 3181 1035 3278 Donario
1062 3051 1481 3280 Baldulgllilffiadem
1507 3190 1616 3280 vilia.

600 3347 814 3490 Admouet
829 3377 896 3452 nos
923 3355 990 3431 Dei
1015 3355 1115 3431 filius
1135 3356 1287 3444 dicens,
1313 3357 1399 3433 date
1413 3355 1655 3435 elemofinarn
1679 3350 1721 3435 ὅ
1743 3363 1845 3436 Μ,
1913 3418 1915 3445 2

688 3453 820 3530 idcirco
834 3479 903 3552 ego
919 3457 954 3532 in
982 3459 1049 3532 Dei
1065 3459 1215 3534 nomine
1227 3459 1433 3536 Balduinus
1446 3460 1484 3537 dt
1500 3463 1712 3537 Gemoinus
1724 3450 1844 3557 proDei

600 3556 739 3632 intuitu
753 3557 935 3634 donamus
950 3559 998 3636 ad
1015 3560 1173 3634 santium
1201 3561 1268 3635 Dei
1283 3576 1488 3658 martyrem
1514 3563 1722 3640 Nazarium
1729 3558 1797 3636 dte.
1814 3548 1845 3650 II

595 3655 731 3754 jurnal.
744 3659 780 3735 in
796 3659 1057 3746 Munnrnheim,
1083 3662 1131 3736 de
1144 3675 1240 3737 terra
1255 3665 1416 3740 araturia
1432 3688 1454 3740 a
1470 3666 1530 3740 die
1545 3664 1717 3765 praesenti
1730 3663 1776 3736 de
1780 3657 1845 3755 jure

468 3817 474 3826 .
598 3759 717 3834 nostro
733 3761 771 3834 in
780 3759 894 3856 jus&
919 3763 1126 3838 dominium
1145 3764 1253 3838 sandi
1268 3765 1315 3840 N.
1343 3768 1525 3843 tradimus
1539 3783 1657 3866 atque
1682 3761 1850 3842 mansiun-

598 3862 721 3938 dimus
743 3863 780 3936 in
806 3863 875 3940 Dei
898 3865 1050 3940 nomine
1069 3867 1329 3964 perpetualiter
1348 3870 1395 3943 ad
1416 3867 1667 3968 poffidendum
1692 3859 1849 3966 stipulati·

428 3977 459 4030 1·
481 3955 558 4036 ne.
595 3985 665 4047 one
680 3963 842 4046 subnixa.
894 3964 1032 4046 Atium
1047 3966 1087 4046 in
1109 3966 1327 4048 monasterio
1344 3969 1560 4050 murenam
1581 3971 1765 4052 kalendas
1777 3967 1851 4154 bite

419 4119 423 4126 ·
1194 4094 1198 4101 ’
1698 4092 1812 4152 Gema
