4000 5417
506 446 582 524 2⁶0
909 431 1098 515 canor.
1124 451 1185 510 nr
1211 427 1424 514 Carnam

452 789 468 820 ·.
502 743 694 821 consuevit
714 743 919 833 honorare,
945 742 985 821 dt
1011 741 1299 821 Christianorum
1319 739 1555 842 principum,
1587 745 1627 820 in
1642 747 1777 846 quibus

501 847 708 947 plurimum
731 847 961 935 honoratur,
986 845 1224 946 petitionibus
1245 846 1446 921 clementer
1459 867 1632 922 annuere.
1685 851 1776 927 inde

503 947 573 1037 est,
598 949 726 1025 dilette
740 949 781 1026 in
807 950 967 1025 Domino
986 947 1065 1026 fili!
1093 948 1191 1046 quod
1214 947 1262 1023 ad
1284 947 1500 1046 petitionem
1525 948 1693 1026 carissimi
1708 953 1775 1030 filii

500 1049 614 1127 nostri
640 1051 890 1140 Fnrnanrcr,
916 1051 1171 1127 Romanorum
1188 1049 1439 1148 imperatoris,
1466 1048 1506 1126 δι
1520 1051 1569 1126 ad
1584 1054 1773 1130 venerabi-

498 1153 548 1231 lis
573 1153 697 1230 fratris
718 1153 854 1244 nostri,
881 1150 1085 1250 Regenoldi
1107 1149 1330 1228 Coloniensrs
1343 1151 1470 1252 elesii,
1497 1176 1622 1252 preces
1636 1155 1702 1231 tibi
1727 1157 1773 1232 de

499 1254 620 1354 capite
635 1255 754 1331 nostro
775 1255 926 1332 mitram
947 1276 1013 1353 per
1028 1251 1206 1329 dilestum
1231 1250 1377 1343 filium,
1404 1252 1651 1331 Christianum
1674 1259 1772 1334 Mer-

497 1355 744 1453 srburgensem
778 1356 1037 1456 praeposttum,
1063 1354 1374 1444 transmittimus,
1399 1353 1438 1433 dr
1454 1367 1497 1430 ut
1521 1379 1566 1431 ea
1581 1358 1619 1432 in
1641 1359 1772 1436 solem-

497 1459 608 1534 nibus
622 1459 803 1536 diebus&
818 1456 1093 1557 processionibus
1108 1455 1157 1530 ad
1178 1455 1358 1532 honorem
1383 1455 1504 1535 Dei&
1520 1469 1596 1534 tuae
1610 1461 1770 1556 personae

498 1559 635 1648 utaris,
662 1560 879 1636 austoritate
900 1558 1097 1657 apostolica
1109 1556 1372 1646 concedimus,
1399 1573 1618 1648 monentes,
1645 1563 1769 1658 quati·

498 1684 571 1736 nus
584 1661 655 1736 hoc
680 1663 819 1736 honore
844 1662 892 1737 ab
918 1659 1115 1759 apostolica
1129 1659 1210 1736 sede
1224 1659 1293 1735 tibi
1319 1659 1479 1736 concesso
1495 1662 1618 1738 taliter
1632 1663 1766 1753 utaris,

498 1775 543 1837 ut
564 1763 664 1837 Deus
679 1762 906 1848 honoretur,
932 1761 971 1838 δι
991 1785 1061 1837 nos
1084 1761 1132 1836 ad
1156 1758 1298 1857 majora
1323 1775 1404 1838 tam
1424 1778 1529 1838 tuam
1554 1763 1768 1863 personam,

496 1883 613 1957 quam
626 1861 814 1937 ecclesiam
828 1862 893 1937 tibi
907 1861 1136 1938 commissam
1159 1863 1335 1940 libentius
1356 1886 1571 1964 promovere
1595 1866 1766 1943 velimus.

495 1963 667 2052 Caetera,
694 1985 779 2060 quae
793 1962 938 2062 petisti,
965 1964 1032 2040 tibi
1047 1989 1123 2040 non
1149 1966 1327 2041 duximus
1354 1967 1561 2064 largienda,
1587 1965 1650 2042 nisr
1668 1979 1709 2043 tu
1729 1967 1768 2044 in

494 2063 647 2164 persona
673 2079 739 2141 tu'a
762 2065 916 2155 venias,
950 2077 1017 2140 aut
1047 2065 1241 2142 honestum
1262 2068 1480 2159 nuncium,
1507 2067 1665 2146 ecclesiae
1690 2080 1766 2145 tuae

407 2208 412 2213 ,
492 2165 638 2254 tilium,
664 2167 714 2242 ad
731 2165 893 2242 nostram
913 2169 1146 2246 transmittas
1170 2170 1413 2269 praesentiam.
1467 2172 1608 2248 Datum
1631 2168 1767 2270 Papiae

491 2267 545 2344 ΙΙΙ
571 2268 750 2346 kalendas
776 2269 915 2346 Martii.

546 2549 551 2556 ·
740 2451 997 2594 mstaurirro
1013 2483 1126 2570 cesar
1153 2479 1505 2594 Niwrnbrrrgensts.

491 2639 693 2820 Cellam
710 2645 988 2760 Niwrrrburg,
1016 2647 1105 2779 post
1130 2647 1296 2732 obitum
1312 2642 1547 2732 fundatoris
1563 2639 1624 2732 sui
1650 2645 1759 2736 Ans·

598 2755 724 2844 helmi
742 2755 1004 2875 provisorum
1027 2763 1185 2846 meuria
1231 2785 1308 2844 ene
1337 2754 1584 2861 desolatam,
1613 2759 1756 2847 divino
1778 2828 1779 2834 a

419 2901 424 2908 ’
490 2869 679 2969 ἰαίὶίηᾶιι
714 2873 854 2960 denuo
876 2867 1162 2974 resuscitavit,
1251 2867 1477 2982 aliquantis¹
1502 2872 1599 2960 Deo
1635 2866 1758 2960 servi·

488 2985 656 3072 entibus
681 2987 835 3074 ibidem
863 2984 1068 3088 milesiis,
1090 2983 1275 3072 aedificiis
1294 2981 1338 3069 dt
1367 2977 1687 3096 possessionibus
1712 2983 1758 3071 δι

488 3098 641 3207 quibus
669 3119 833 3213 poterat
860 3100 1030 3201 modin,
1059 3127 1145 3186 non
1173 3096 1396 3180 minimum
1419 3093 1656 3211 ampliavit,
1684 3095 1756 3183 do·

488 3212 679 3299 nationes
702 3207 797 3303 suas
820 3211 901 3300 boe
925 3211 1173 3303 testamento
1201 3206 1470 3295 confirmans:

1044 3413 1213 3560 mvn
1242 3439 1245 3446 ’

297 3646 318 3687 ·
335 3643 448 3714 omitt
483 3625 1322 3765 Ianr.nom.Harnmcnsdivinaclementia
1335 3626 1579 3748 Lauresham,
1594 3625 1751 3746 abbas*
1769 3672 1774 3678 -

314 3733 445 3890 ata
1157 3727 1749 3910 itinerantem

482 3855 845 4035 offilbiizedebitbque
869 3887 1153 4034 compellimur}
1177 3959 1251 4010 non
1266 3934 1381 4011 solnm
1396 3933 1475 4032 ejus
1493 3933 1647 4035 dispersa
1662 3885 1749 4012 con:

386 4067 389 4074 ·
481 4057 636 4136 gregare
649 4035 689 4119 dt
702 4052 926 4138 congregata
937 4034 1180 4128 conservare,
1205 4037 1466 4120 verumetiam
1487 4035 1749 4216 antecepgmm

1553 4162 1603 4220 no
1653 4158 1695 4211 o·
