4000 5417
388 394 393 403 Ι
496 418 1193 522 scc.xr11·⁴n1naarco11nr.
1421 433 1499 538 265

1320 653 1496 677 -ι-

215 747 310 829 mini
326 763 474 846 quoque
495 735 668 820 Helnrici
692 733 838 816 abbatis
851 759 950 820 anno
973 735 1094 827 XIIII,
1120 735 1275 816 feliciter
1288 736 1328 816 in
1352 735 1496 818 Christo

219 873 343 930 amen.

283 1144 339 1232 ad
367 1137 602 1246 Virrlru'm,
627 1139 726 1228 data
744 1137 1017 1230 confirmatio.

219 1038 346 1208 lem
361 1027 522 1116 eisdem
547 1023 775 1127 abeodem
792 1024 836 1112 in
858 1026 1042 1116 termino
1070 1022 1223 1144 sylvae,
1249 1025 1497 1146 pertinentis

806 1349 961 1445 CLIX.

219 1489 285 1586 Dr
308 1487 507 1610 caseis-ex
532 1482 767 1598 monasterio
790 1481 1012 1594 Sciponowe
1038 1484 1255 1576 cedentibus
1276 1484 1324 1578 de
1340 1481 1496 1605 quibus·

508 1600 599 1688 dom
617 1596 713 1685 locis
737 1595 897 1684 incultis
913 1596 955 1685 in
987 1597 1212 1690 Wrnheim.

248 1793 275 1844 n
288 1765 437 1843 nomine
461 1763 534 1842 Dei
558 1761 833 1862 omnipotentis.
886 1761 1127 1838 Hmunrcus
1150 1761 1277 1838 divina
1297 1761 1497 1840 misericor·

115 1946 119 1957 ,
273 1868 339 1942 dia
361 1862 728 1945 Laureshammenfis
753 1862 882 1943 abbas·
934 1861 1119 1940 Univerfis
1144 1862 1278 1938 Christi
1299 1861 1496 1952 fidelibus,

221 1966 360 2052 futuris
372 1989 416 2042 ac
432 1966 669 2066 praesentibus
676 2017 688 2054 ,
714 1965 753 2040 in
766 1975 999 2064 perpetuum.
1050 1961 1263 2062 Apostolica
1284 1985 1497 2038 commone·
1573 2017 1576 2024 ψ

221 2085 310 2144 mur
327 2065 579 2156 institutione,
604 2079 649 2142 ut
667 2067 808 2144 bonurn
832 2065 1013 2141 facientes
1033 2088 1108 2139 non
1130 2063 1371 2152 deficiamus,
1396 2065 1498 2162 quod

223 2172 392 2268 tempore
411 2167 473 2244 suo
488 2180 701 2256 metamus,
725 2168 910 2266 praecipue
924 2179 1051 2243 tamen
1072 2165 1270 2242 neceffitati
1290 2165 1497 2244 sannorum

222 2269 567 2355 communicantes,
592 2267 683 2364 quia
696 2268 834 2344 talibus
848 2267 974 2344 hostiis
989 2279 1218 2366 promeretur
1243 2266 1357 2342 Deus.
1398 2269 1498 2354 Quo·

220 2370 320 2446 circa
344 2369 514 2444 omnium
539 2367 673 2445 Christi
694 2367 889 2456 fidelium,
922 2366 1134 2442 futumrum
1157 2391 1200 2442 ac
1234 2366 1497 2466 praesentium,

219 2469 370 2550 noverit
383 2468 629 2568 experientIa,
656 2467 745 2567 quia
758 2491 826 2546 nos
842 2468 1002 2567 rescito
1023 2469 1271 2544 retributionis
1292 2481 1403 2565 atque
1427 2469 1494 2542 od·

222 2572 334 2646 cneori
347 2573 452 2673 nostri
476 2567 691 2658 Currum,
717 2571 858 2674 illustris
916 2571 1046 2645 elarini
1065 2571 1193 2644 comitis
1206 2571 1247 2642 de
1271 2567 1384 2657 Reno,
1411 2592 1499 2645 con·

225 2669 331 2760 sensu
349 2669 390 2749 ἀ
412 2682 572 2768 rogatu,
597 2683 894 2770 caeterorumque
917 2669 1085 2748 fidelium
1106 2693 1151 2748 ac
1169 2669 1331 2747 fratrum
1362 2669 1498 2746 nostro·

223 2796 311 2852 rum
326 2771 495 2870 persuasu
514 2772 756 2863 commoniti,
780 2772 921 2850 dueun
941 2773 1118 2852 fratribus
1130 2771 1259 2851 nostris
1284 2771 1324 2846 in
1347 2772 1500 2847 Scenae«-

223 2877 309 2967 gr'a,
333 2869 374 2943 ἃ
389 2891 475 2944 vere
499 2870 630 2945 eruisti
644 2873 864 2970 pauperibus
878 2875 1051 2969 quaedam
1066 2875 1149 2950 loca
1162 2874 1303 2950 inculta
1325 2871 1365 2948 δι
1387 2873 1500 2950 saltu·
1660 2953 1662 2960 ,

225 2970 310 3059 osa,
334 2965 430 3042 inira
444 2966 648 3042 urminum
665 2970 767 3046 villae
781 2970 912 3046 nostrae
939 2973 1120 3049 Vr'rnhn'm
1134 2972 1218 3062 fita,
1234 2971 1371 3073 partim
1387 2974 1499 3070 agrir,

225 3069 365 3252 partim
379 3066 523 3170 pascuis
537 3079 743 3183 oportuna,
768 3070 881 3146 certis
893 3071 1074 3152 limitibus
1087 3073 1332 3152 determinata
1349 3095 1499 3152 conoes-

241 3195 367 3260 nnus,
392 3171 573 3270 quatinus
604 3192 651 3245 ea
676 3190 759 3266 jure
789 3171 1023 3253 haereditatio
1055 3187 1231 3266 teneant,
1262 3175 1502 3253 excolant&

228 3273 440 3394 pollideant.
492 3271 746 3354 Verumtamen
759 3273 805 3350 ab
818 3274 1078 3378 exstirpatione
1093 3275 1259 3375 ejusdem
1276 3277 1391 3374 sylvae
1405 3275 1443 3354 δι
1456 3275 1504 3352 ab
1566 3306 1570 3322 ·
1736 3343 1746 3360 ,
1792 3317 1825 3378 ,ς

227 3374 403 3454 mcifione
418 3376 635 3472 lignorum,
659 3374 880 3470 quaebanno
894 3377 1176 3469 suntobnoxIa,
1201 3377 1267 3455 nist
1282 3403 1331 3454 ex
1352 3375 1502 3453 licentia
1586 3361 1748 3500 [ΛΨ
1871 3377 1878 3396 ’
1947 3373 1954 3386 ’

228 3477 361 3566 nostra,
375 3477 518 3577 prorsus
534 3475 756 3563 abstineant,
782 3487 893 3574 atque
907 3490 951 3554 ut
971 3493 1174 3578 proventus
1195 3479 1334 3556 laboris
1368 3497 1499 3552 eorum
1676 3469 1693 3522 θ
1781 3437 1903 3592 vsi-‘3

230 3577 391 3654 ecclefiae
416 3599 564 3676 quoque
584 3576 716 3655 nostrae
740 3573 941 3653 fruttuosus
962 3579 1120 3667 existat,
1145 3578 1304 3676 ipsorum
1318 3589 1504 3652 annuente
1533 3527 1578 3724 Ὁ
1598 3559 1725 3668 mou
1744 3543 1819 3653 “a

230 3677 444 3754 coniventia
456 3677 671 3769 statuimus,
686 3678 864 3777 quatinus
876 3690 1058 3755 trecentos
1073 3678 1220 3767 caseos,
1246 3676 1405 3772 fingulos
1420 3697 1502 3775 pre·
1577 3648 1591 3696 ⁹
1619 3685 1750 3810 msa
1766 3667 1809 3742 to
1841 3718 1847 3741 ι

233 3777 288 3870 tio
302 3777 585 3861 denariinostrae
599 3795 787 3871 monetae,
811 3783 894 3858 loco
908 3780 1139 3858 decimarum
1154 3777 1346 3856 annuatim
1372 3777 1506 3878 persol-

234 3891 357 3968 vant,
381 3902 541 3976 <luorum
562 3885 713 3984 talginta
737 3883 962 3984 parochIano
982 3883 1030 3959 de
1059 3881 1264 3970 Virunum,
1289 3879 1421 3978 reliqui
1439 3901 1505 3954 no·

233 3979 308 4067 stro
323 3979 631 4092 tantorumque
645 3985 851 4075 nostrornm
863 3985 952 4174 u1spr¹
959 3981 1187 4092 proveniant.
1237 3985 1295 4068 De
1308 3981 1505 4100 caeteroab

1351 4095 1468 4170 omm'
