4000 5417
241 753 338 814 rum
354 725 591 918 principum
610 783 622 824 ,
650 719 842 823 favorem
858 720 904 808 u
921 718 1119 810 affesium
1137 741 1387 835 expeteret,
1415 717 1509 810 scri-
1549 787 1559 806 .

242 843 328 972 ptis
351 841 413 922 eis
442 835 494 920 de
510 833 666 918 enisrcis
690 832 736 920 u
773 834 1104 946 promiffionibus
1131 836 1350 944 ambiens,
1380 823 1508 924 etianl

241 951 315 1067 rpfi
344 952 453 1034 inter
478 969 656 1034 caeteros
691 945 859 1034 Cremae
884 942 956 1034 sua
983 945 1133 1146 scripta
1157 947 1341 1050 direxit,
1389 949 1507 1059 cujus

244 1062 551 1148 confirmationi
585 1057 683 1144 licet
711 1056 926 1172 ·Papiense
952 1065 1069 1146 conci
1086 1065 1173 1145 ium
1213 1055 1507 1177 subscripserit,

242 1201 342 1264 cum
358 1169 400 1260 se
419 1176 472 1261 ab
487 1173 639 1260 eodem
663 1168 874 1285 explicare
902 1201 986 1260 non
1002 1172 1161 1290 posset,
1191 1175 1232 1258 in
1252 1197 1447 1268 neutram
1464 1169 1507 1260 se

241 1307 384 1375 tamen
398 1285 750 1488 pmempromor
774 1281 998 1378 inclinavit.
1042 1285 1208 1404 Scripta
1224 1285 1406 1384 Visioris
1422 1285 1509 1378 sue·

242 1424 341 1492 rum
364 1399 536 1514 huJusm
594 1402 627 1485 'z

816 1531 945 1628 CLV.

243 1708 417 1846 Vrcson
443 1699 631 1802 episcopus
643 1751 655 1788 ,
680 1693 805 1774 servus
839 1698 1026 1776 servorum
1052 1698 1147 1786 Dei,
1179 1699 1355 1777 Heinrioo
1380 1699 1511 1778 dsseuo
1568 1731 1572 1738 ·

325 1801 429 1889 silio,
462 1802 587 1878 abbati
622 1799 994 1890 Laurishammens1,
1022 1802 1175 1876 salutem
1207 1801 1245 1878 dt
1277 1802 1512 1900 apostolicam

241 1902 543 1980 benedistionem.
577 1902 698 1999 Super
721 1902 916 1980 devotione
941 1901 980 1980 &
1000 1898 1227 1990 constantia,
1260 1923 1372 1999 quam
1405 1901 1513 1977 beato

243 2002 407 2080 Petro&
431 2003 538 2080 nobis
558 2002 777 2093 exhibuisti,
805 2003 844 2081 δι
867 2005 973 2104 super
992 2003 1112 2079 sansto
1132 2002 1306 2092 consilio,
1333 2001 1430 2102 quod
1451 2025 1513 2078 ca·

243 2103 400 2182 sissimus
431 2103 531 2181 filius
559 2105 678 2180 noster
709 2101 991 2194 Furnnnrcus,
1029 2105 1283 2181 Romanorum
1316 2105 1514 2202 imperator

245 2205 448 2300 augustus,
482 2207 532 2282 ad
555 2204 830 2283 restaurandam
854 2206 1016 2284 ecclesrae
1041 2208 1250 2292 unitatem,
1275 2203 1314 2282 dt
1345 2203 1515 2281 haeresim

241 2307 483 2382 scismaticam
504 2305 766 2396 resecandam,
794 2320 858 2383 tuo
873 2309 1105 2404 aliorumque
1128 2305 1346 2406 sapientium
1367 2305 1513 2380 consilio

242 2407 485 2507 dispensavit,
517 2406 742 2483 fraternitati
776 2421 853 2486 tuae
871 2423 996 2504 grates
1019 2408 1243 2495 referimus,
1268 2421 1447 2494 orantes,
1474 2419 1517 2482 ut

242 2521 322 2585 tarn
338 2509 447 2585 beata
467 2509 624 2585 intentio
648 2524 798 2606 gratum
823 2511 985 2585 Domino
1004 2508 1175 2585 sortiatur
1198 2523 1384 2584 eventum.
1436 2507 1516 2584 Nos

243 2623 396 2700 autem,
423 2625 605 2708 quantum
619 2611 669 2687 ad
690 2609 926 2711 apostolicam
990 2612 1108 2688 ¹rtinet
1132 2610 1369 2708 dignitatem,
1394 2608 1516 2709 perso·

243 2737 334 2791 nam
354 2711 393 2788 δι
406 2713 597 2788 ecclesiam
623 2727 730 2788 tuam
754 2713 908 2812 diligere
934 2635 993 2790 se
994 2714 1175 2789 honorare
1200 2711 1451 2800 intendimus,
1476 2708 1517 2788 &

244 2813 360 2889 tantis
373 2813 556 2886 beneficiis
582 2827 687 2888 tuam
711 2815 948 2890 devotionem
973 2837 1230 2904 remunerare,
1256 2815 1356 2913 quod
1376 2814 1440 2889 alii
1466 2812 1517 2889 ad

107 2917 115 2930 “
247 2909 479 3004 diligendum
503 2931 572 2980 nos
596 2914 841 3007 promptiores
864 2915 1099 3002 efficientur,
1124 2915 1167 2992 dc
1187 2929 1253 2991 tua
1283 2915 1454 2990 nobilitas
1468 2916 1515 2988 de

172 3073 176 3080 .
246 3009 370 3089 nostra
384 3006 640 3084 benevolentia
655 3009 805 3085 honoris
821 3012 861 3088 δι
880 3013 1054 3090 utilitatis
1068 3017 1222 3115 accipiet
1235 3017 1515 3091 incrementum.

246 3115 304 3192 De
316 3111 412 3187 statu
426 3105 657 3207 &proposito
680 3111 798 3186 nostro
814 3115 1041 3194 venerabiles
1056 3117 1187 3196 fratres
1202 3116 1331 3204 nostri,
1358 3118 1410 3196 H.
1426 3117 1516 3192 Ver-

246 3213 365 3292 dessfis
386 3211 425 3289 ἃ
439 3212 486 3287 θ’·
512 3207 700 3304 Psasfflfiss
733 3213 890 3317 ebiscopi
910 3227 948 3293 te
960 3220 1106 3319 plenius
1120 3218 1383 3298 certificabant.
1418 3217 1518 3294 Data
1620 3249 1627 3260 ·

249 3317 528 3395 Vastan-nonas
552 3309 780 3390 Decembris.

245 3451 509 3545 solidationis
536 3449 859 3538 veroconceffio
883 3451 982 3542 talis
1009 3455 1111 3543 suit:

803 3663 952 3759 CLVI.

250 3793 656 3943 Vrcronepiscopus,
683 3795 808 3875 servus
824 3797 1013 3877 servorum
1039 3795 1134 3888 Dei,
1159 3793 1291 3873 disesio
1304 3791 1382 3916 filio
1405 3794 1519 3876 Hein-

327 3919 437 4018 rrco,
463 3900 588 3976 abbati
611 3901 968 3990 Laurishammenfi,
988 3901 1143 3978 salutem
1156 3900 1196 3977 δι
1213 3897 1445 4018 apostolrcam
1459 3899 1521 4016 be·

250 4001 508 4089 nedtsttonem
532 4001 767 4088 snrornea
788 4003 1132 4192 Romalrpakecplefia
1156 4003 1310 4085 devotos
1330 4000 1521 4186 fiblcosrl-loe
