4000 5417
945 468 1139 549 'Canon
1168 492 1228 548 an
1252 467 1468 551 Cannu

544 480 594 572 3⁶

548 805 643 866 rum
673 775 1048 889 defignationibus,
1075 796 1148 861 aut
1174 774 1378 872 eundem,
1419 798 1494 863 aut
1527 808 1611 863 non
1635 776 1818 866 multum

549 886 753 1005 disparem
770 886 944 991 modum
961 886 1139 974 habeant
1156 950 1167 991 ,
1196 888 1241 975 ἃ
1258 892 1572 976 continentiam.
1616 891 1817 979 ¹Sufficiat

548 1006 696 1118 igitur,
723 1003 755 1109 li
772 996 883 1087 salva
901 1029 1043 1086 rerum
1058 1003 1237 1087 veritate
1257 1063 1268 1104 ,
1294 1001 1485 1113 quando,
1513 1005 1607 1105 ubi,
1624 1003 1814 1117 qualiter,

539 1110 678 1229 *quid,
716 1138 742 1200 a
766 1116 1002 1229 quibusque
1039 1111 1237 1199 collatum
1262 1114 1341 1216 fit,
1385 1112 1486 1201 nihil
1521 1120 1816 1231 praetermitta-

541 1256 652 1331 mus,
1052 1254 1056 1259 *
1554 1262 1561 1273 ¹

472 1366 479 1373 ·
658 1338 703 1429 N
703 1367 784 1426 unc
801 1338 854 1425 ad
872 1334 1089 1455 privilegia
1103 1336 1310 1427 Ludovici
1326 1340 1385 1455 pii
1400 1340 1666 1455 imperatoris
1684 1362 1815 1431 trans·

541 1450 753 1543 scribenda
781 1451 1040 1537 accedamus·
1592 1551 1594 1554 v

334 1585 533 1655 *Dedrren
630 1567 755 1653 Anno
768 1563 1034 1652 *Dominicae
1070 1565 1365 1651 incarnationis
1393 1562 1598 1655 DCCCV.
1625 1566 1714 1680 post
1737 1597 1813 1655 ex·

334 1673 447 1777 ⁰¹¹¹is¹⁵
468 1676 506 1737 iis
539 1675 695 1764 cessum
722 1674 1007 1764 Richbodonis
1030 1672 1209 1761 successit
1234 1674 1501 1791 Adalungus‚
1519 1679 1584 1763 vir
1599 1698 1750 1791 potens
1766 1683 1809 1765 in
1833 1773 1838 1783 ,

334 1765 500 1927 οζξιξωέ
539 1788 726 1908 opere&
743 1785 928 1903 sermone
945 1786 988 1876 &
996 1790 1215 1900 juxtalcor
1236 1790 1415 1876 Domini
1433 1786 1607 1893 elesius,
1634 1793 1708 1903 qui
1730 1787 1809 1879 sus·

282 1941 286 1953 ·
333 1868 406 2023 (127,
429 1868 512 1997 isai
545 1932 592 1989 ce
622 1926 667 1989 to
691 1901 812 2012 hujus
840 1899 920 1986 loci
944 1903 1101 2015 regime
1126 1899 1320 1988 nobiliter
1348 1901 1496 1989 cunila
1513 1899 1807 2007 extrinsecus,

397 2021 479 2086 sunt.
541 1932 720 2102 nolilius
746 2040 914 2129 quoque
942 2010 1156 2129 templum}
1172 2009 1414 2100 intrinsecus
1430 2018 1550 2102 vario
1575 2017 1807 2106 venustavit

541 2128 719 2234 decore,
757 2130 856 2243 quip
886 2156 909 2211 e
935 2124 1065 2213 altare
1094 2125 1372 2229 dominicum,
1401 2150 1450 2213 ut
1477 2158 1588 2214 nunc
1603 2130 1678 2232 est,
1707 2158 1805 2243 qua·

541 2262 639 2327 tuor
656 2267 714 2325 ex
742 2155 929 2354 partissus
954 2235 1106 2327 tabulis
1135 2268 1181 2323 ar
1209 2244 1343 2327 enteis
1361 2238 1536 2342 inclusit,
1564 2268 1642 2323 nec
1664 2246 1804 2328 minus

421 2400 424 2419 ι
472 2448 473 2455 Ν
540 2350 670 2452 altare
680 2352 731 2437 ad
742 2380 935 2457 crucem,
953 2374 1081 2466 atque
1098 2266 1224 2439 santii
1241 2350 1412 2459 Joarmis
1428 2351 1635 2467 Baptistae,
1652 2346 1802 2439 sanilae

538 2492 707 2579 quoque
736 2466 885 2554 lVlariae
912 2467 1114 2578 virginis,
1142 2490 1348 2580 praeterea
1363 2462 1492 2549 altare
1519 2459 1644 2549 santii
1681 2462 1799 2550 Petri

537 2580 581 2663 in
609 2575 772 2663 ecclefia
799 2575 951 2694 triplici
968 2576 1140 2661 mirifice
1166 2579 1426 2709 peromavit‚
1443 2602 1614 2659 auream
1630 2602 1801 2689 quoque

537 2718 703 2777 crucem
730 2692 775 2779 ot
800 2720 926 2807 opere
955 2690 1000 2777 ὃ(
1028 2711 1205 2779 matena
1239 2686 1329 2773 aliis
1357 2687 1642 2801 pretiosiorem
1668 2688 1802 2775 fabre·

536 2802 780 2915 fierijussit,
816 2801 960 2890 multis
989 2802 1167 2915 denique
1191 2801 1417 2889 virtutibus
1440 2798 1594 2886 florens
1622 2801 1801 2889 decursis

534 2918 579 3000 in
606 2917 727 3027 hujus
744 2916 825 3002 loci
853 2918 1053 3032 regimine
1079 2917 1198 3000 annis
1225 2912 1354 3014 Xlll,
1400 2909 1613 3029 sapientiae
1640 2944 1689 2999 ac
1717 2919 1800 3030 pie·

507 3065 516 3123 χ
534 3034 636 3116 tatis
664 3033 815 3117 merito
849 3034 984 3116 vitam
1013 3023 1272 3138 consumavit
1296 3024 1517 3110 honestam.
1572 3026 1651 3114 lste
1677 3050 1798 3142 pater

534 3163 732 3257 regnante
745 3145 833 3253 jam
852 3164 950 3229 tunc
964 3140 1187 3231 Ludovico
1202 3142 1296 3255 pio,
1324 3134 1461 3227 Caroli
1486 3141 1626 3249 magni
1650 3167 1699 3221 ac
1727 3140 1795 3223 be·

254 3358 258 3366 ,
391 3302 393 3307 ·
533 3250 590 3339 ati
617 3254 703 3343 divi
731 3258 789 3341 im
818 3256 994 3342 cratoris
1018 3279 1068 3338 ac
1092 3248 1256 3367 semper
1283 3251 1440 3365 augusti
1463 3246 1566 3349 filio,
1596 3277 1644 3333 ac
1661 3246 1794 3339 veluti

529 3368 619 3480 post
646 3282 883 3454 bellicosum
908 3389 1071 3483 patrem
1098 3364 1241 3453 David
1259 3362 1481 3453 Salemone
1508 3360 1688 3477 pacifico,
1715 3366 1792 3449 im·

529 3477 729 3591 perialem
747 3483 953 3596 expetivit
970 3478 1347 3594 magnificentiam,
1376 3480 1573 3589 quatinus
1600 3475 1651 3561 de
1673 3472 1792 3562 liber·

529 3612 616 3677 tate
641 3592 685 3678 ot
703 3594 975 3685 immunitate
1008 3588 1373 3684 Laureshamenfis
1399 3590 1631 3675 monasterii
1658 3588 1702 3675 u
1723 3590 1794 3676 ab·

341 3724 486 3793 ·Omifit
527 3704 648 3903 batipl
655 3702 853 3836 eleslione
869 3731 1088 3824 paternam
1104 3704 1323 3793 roboraret
1339 3698 1795 3804 auslhoritatem‚'*tali

503 3836 619 3935 ¹priv
649 3846 756 3933 egro.
1811 3830 1818 3840 ⁴

490 4222 525 4279 ἡ
590 4180 598 4191 „
