<?xml version="1.0" encoding="UTF-8"?>
<!DOCTYPE html PUBLIC "-//W3C//DTD XHTML 1.0 Transitional//EN"
    "http://www.w3.org/TR/xhtml1/DTD/xhtml1-transitional.dtd">
<html xmlns="http://www.w3.org/1999/xhtml" xml:lang="en" lang="en">
 <head>
  <title>
</title>
<meta http-equiv="Content-Type" content="text/html;charset=utf-8" />
  <meta name='ocr-system' content='tesseract 3.04.00' />
  <meta name='ocr-capabilities' content='ocr_page ocr_carea ocr_par ocr_line ocrx_word'/>
</head>
<body>
  <div class='ocr_page' id='page_1' title='image "./codexprincipiso00egyegoog_0253.png"; bbox 0 0 4000 5417; ppageno 0'>
   <div class='ocr_carea' id='block_1_1' title="bbox 535 406 1500 522">
    <p class='ocr_par' dir='ltr' id='par_1_1' title="bbox 535 406 1500 522">
     <span class='ocr_line' id='line_1_1' title="bbox 535 406 1500 522; baseline 0.004 -33"><span class='ocrx_word' id='word_1_1' title='bbox 535 406 1221 493; x_wconf 70' lang='lat' dir='ltr'>SrcXIHuiuiiicolviirr».</span> <span class='ocrx_word' id='word_1_2' title='bbox 1329 502 1333 508; x_wconf 43' lang='grc'><strong><em>,</em></strong></span> <span class='ocrx_word' id='word_1_3' title='bbox 1423 442 1500 522; x_wconf 71' lang='lat'>215</span> 
     </span>
    </p>
   </div>
   <div class='ocr_carea' id='block_1_2' title="bbox 230 581 1500 656">
    <p class='ocr_par' dir='ltr' id='par_1_2' title="bbox 230 581 1500 656">
     <span class='ocr_line' id='line_1_2' title="bbox 1126 581 1500 610; baseline 0 -12"><span class='ocrx_word' id='word_1_4' title='bbox 1126 581 1500 610; x_wconf 47' lang='grc' dir='ltr'><em>Ἣ</em></span> 
     </span>
     <span class='ocr_line' id='line_1_3' title="bbox 230 633 407 656; baseline -0.011 0"><span class='ocrx_word' id='word_1_5' title='bbox 230 633 407 656; x_wconf 45' lang='grc' dir='ltr'><strong><em>ψ</em></strong></span> 
     </span>
    </p>
   </div>
   <div class='ocr_carea' id='block_1_3' title="bbox 130 715 1494 1610">
    <p class='ocr_par' dir='ltr' id='par_1_3' title="bbox 130 715 1494 1610">
     <span class='ocr_line' id='line_1_4' title="bbox 228 715 1494 815; baseline -0.001 -14"><span class='ocrx_word' id='word_1_6' title='bbox 228 725 387 801; x_wconf 77' lang='lat' dir='ltr'>fratrum</span> <span class='ocrx_word' id='word_1_7' title='bbox 402 715 605 796; x_wconf 86' lang='lat' dir='ltr'>nostrorum</span> <span class='ocrx_word' id='word_1_8' title='bbox 627 715 799 814; x_wconf 90' lang='lat' dir='ltr'>petitione</span> <span class='ocrx_word' id='word_1_9' title='bbox 813 716 889 804; x_wconf 85' lang='lat' dir='ltr'>‚in</span> <span class='ocrx_word' id='word_1_10' title='bbox 904 715 1105 815; x_wconf 88' lang='lat' dir='ltr'>praesentia</span> <span class='ocrx_word' id='word_1_11' title='bbox 1126 717 1329 814; x_wconf 88' lang='lat' dir='ltr'>primatum</span> <span class='ocrx_word' id='word_1_12' title='bbox 1361 723 1494 800; x_wconf 88' lang='lat' dir='ltr'>nostro·</span> 
     </span>
     <span class='ocr_line' id='line_1_5' title="bbox 227 816 1493 923; baseline 0 -22"><span class='ocrx_word' id='word_1_13' title='bbox 227 847 312 901; x_wconf 84' lang='lat' dir='ltr'>rum</span> <span class='ocrx_word' id='word_1_14' title='bbox 328 823 376 900; x_wconf 94' lang='lat' dir='ltr'>ad</span> <span class='ocrx_word' id='word_1_15' title='bbox 388 820 576 898; x_wconf 87' lang='lat' dir='ltr'>servitium</span> <span class='ocrx_word' id='word_1_16' title='bbox 600 817 659 892; x_wconf 90' lang='lat' dir='ltr'>Sti</span> <span class='ocrx_word' id='word_1_17' title='bbox 674 816 868 892; x_wconf 80' lang='lat' dir='ltr'>Michaelis</span> <span class='ocrx_word' id='word_1_18' title='bbox 885 818 1097 914; x_wconf 78' lang='lat' dir='ltr'><strong>archangeli</strong></span> <span class='ocrx_word' id='word_1_19' title='bbox 1112 818 1383 911; x_wconf 88' lang='lat' dir='ltr'>constituimus,</span> <span class='ocrx_word' id='word_1_20' title='bbox 1400 849 1493 923; x_wconf 90' lang='lat' dir='ltr'>qua·</span> 
     </span>
     <span class='ocr_line' id='line_1_6' title="bbox 228 917 1493 1017; baseline 0 -13"><span class='ocrx_word' id='word_1_21' title='bbox 228 929 328 1003; x_wconf 88' lang='lat' dir='ltr'>tinus</span> <span class='ocrx_word' id='word_1_22' title='bbox 344 923 431 1000; x_wconf 93' lang='lat' dir='ltr'>inibi</span> <span class='ocrx_word' id='word_1_23' title='bbox 448 920 655 1017; x_wconf 83' lang='lat' dir='ltr'>regularem</span> <span class='ocrx_word' id='word_1_24' title='bbox 670 917 898 1017; x_wconf 84' lang='lat' dir='ltr'>disciplinam</span> <span class='ocrx_word' id='word_1_25' title='bbox 906 917 1018 1015; x_wconf 83' lang='lat' dir='ltr'>juxta</span> <span class='ocrx_word' id='word_1_26' title='bbox 1043 920 1202 995; x_wconf 87' lang='lat' dir='ltr'>fratrum</span> <span class='ocrx_word' id='word_1_27' title='bbox 1218 920 1324 998; x_wconf 73' lang='lat' dir='ltr'>sancti</span> <span class='ocrx_word' id='word_1_28' title='bbox 1345 925 1493 1004; x_wconf 88' lang='lat' dir='ltr'>Nazarii</span> 
     </span>
     <span class='ocr_line' id='line_1_7' title="bbox 226 1018 1492 1122; baseline -0.008 -18"><span class='ocrx_word' id='word_1_29' title='bbox 226 1025 522 1110; x_wconf 89' lang='lat' dir='ltr'>consuetudines,</span> <span class='ocrx_word' id='word_1_30' title='bbox 547 1018 784 1116; x_wconf 85' lang='lat' dir='ltr'>ejusdemque</span> <span class='ocrx_word' id='word_1_31' title='bbox 808 1021 879 1094; x_wconf 93' lang='lat' dir='ltr'>loci</span> <span class='ocrx_word' id='word_1_32' title='bbox 903 1021 1177 1097; x_wconf 86' lang='lat' dir='ltr'>constitutiones</span> <span class='ocrx_word' id='word_1_33' title='bbox 1191 1025 1239 1098; x_wconf 90' lang='lat' dir='ltr'>ad</span> <span class='ocrx_word' id='word_1_34' title='bbox 1264 1027 1414 1122; x_wconf 90' lang='lat' dir='ltr'>plenum</span> <span class='ocrx_word' id='word_1_35' title='bbox 1429 1028 1492 1104; x_wconf 87' lang='lat' dir='ltr'>fir.</span> 
     </span>
     <span class='ocr_line' id='line_1_8' title="bbox 226 1119 1491 1223; baseline 0.003 -21"><span class='ocrx_word' id='word_1_36' title='bbox 226 1123 471 1212; x_wconf 73' lang='lat' dir='ltr'>meremus&amp;</span> <span class='ocrx_word' id='word_1_37' title='bbox 486 1147 531 1198; x_wconf 89' lang='lat' dir='ltr'>ne</span> <span class='ocrx_word' id='word_1_38' title='bbox 547 1122 644 1223; x_wconf 73' lang='lat' dir='ltr'>lianc</span> <span class='ocrx_word' id='word_1_39' title='bbox 659 1119 951 1198; x_wconf 88' lang='lat' dir='ltr'>constitutionem</span> <span class='ocrx_word' id='word_1_40' title='bbox 968 1123 1206 1198; x_wconf 83' lang='lat' dir='ltr'>successorum</span> <span class='ocrx_word' id='word_1_41' title='bbox 1220 1125 1421 1205; x_wconf 88' lang='lat' dir='ltr'>nostrorum</span> <span class='ocrx_word' id='word_1_42' title='bbox 1435 1130 1491 1206; x_wconf 90' lang='lat' dir='ltr'>in·</span> 
     </span>
     <span class='ocr_line' id='line_1_9' title="bbox 221 1220 1490 1327; baseline 0.001 -21"><span class='ocrx_word' id='word_1_43' title='bbox 221 1229 360 1327; x_wconf 82' lang='lat' dir='ltr'>justitia</span> <span class='ocrx_word' id='word_1_44' title='bbox 375 1229 434 1312; x_wconf 83' lang='lat' dir='ltr'>vel</span> <span class='ocrx_word' id='word_1_45' title='bbox 450 1221 692 1312; x_wconf 39' lang='lat' dir='ltr'>inclementia,</span> <span class='ocrx_word' id='word_1_46' title='bbox 707 1220 895 1298; x_wconf 90' lang='lat' dir='ltr'>subvertat</span> <span class='ocrx_word' id='word_1_47' title='bbox 911 1276 921 1309; x_wconf 88' lang='lat'>,</span> <span class='ocrx_word' id='word_1_48' title='bbox 946 1223 1043 1318; x_wconf 87' lang='lat' dir='ltr'>hanc</span> <span class='ocrx_word' id='word_1_49' title='bbox 1057 1239 1200 1301; x_wconf 87' lang='lat' dir='ltr'>cartam</span> <span class='ocrx_word' id='word_1_50' title='bbox 1214 1228 1371 1304; x_wconf 83' lang='lat' dir='ltr'>fecimus</span> <span class='ocrx_word' id='word_1_51' title='bbox 1384 1229 1490 1308; x_wconf 86' lang='lat' dir='ltr'>scribi</span> 
     </span>
     <span class='ocr_line' id='line_1_10' title="bbox 130 1319 1487 1425; baseline 0.001 -17"><span class='ocrx_word' id='word_1_52' title='bbox 130 1407 134 1422; x_wconf 86' lang='grc'>,</span> <span class='ocrx_word' id='word_1_53' title='bbox 225 1331 264 1408; x_wconf 88' lang='lat'><strong>&amp;</strong></span> <span class='ocrx_word' id='word_1_54' title='bbox 279 1329 446 1425; x_wconf 85' lang='lat' dir='ltr'>legaliter</span> <span class='ocrx_word' id='word_1_55' title='bbox 460 1322 682 1400; x_wconf 87' lang='lat' dir='ltr'>confirmari.</span> <span class='ocrx_word' id='word_1_56' title='bbox 735 1319 848 1396; x_wconf 83' lang='lat' dir='ltr'>Anno</span> <span class='ocrx_word' id='word_1_57' title='bbox 865 1337 989 1399; x_wconf 89' lang='lat' dir='ltr'>autem</span> <span class='ocrx_word' id='word_1_58' title='bbox 1004 1319 1265 1403; x_wconf 82' lang='lat' dir='ltr'>incarnationis</span> <span class='ocrx_word' id='word_1_59' title='bbox 1280 1330 1487 1410; x_wconf 79' lang='lat' dir='ltr'>Dominicae</span> 
     </span>
     <span class='ocr_line' id='line_1_11' title="bbox 225 1423 1490 1528; baseline -0.005 -25"><span class='ocrx_word' id='word_1_60' title='bbox 225 1431 404 1522; x_wconf 78' lang='lat' dir='ltr'>MXXVl,</span> <span class='ocrx_word' id='word_1_61' title='bbox 417 1425 699 1526; x_wconf 60' lang='lat' dir='ltr'>(alindistione</span> <span class='ocrx_word' id='word_1_62' title='bbox 715 1423 797 1509; x_wconf 92' lang='lat' dir='ltr'>Vll,</span> <span class='ocrx_word' id='word_1_63' title='bbox 810 1439 986 1520; x_wconf 84' lang='lat' dir='ltr'>regnante</span> <span class='ocrx_word' id='word_1_64' title='bbox 1001 1427 1219 1528; x_wconf 86' lang='lat' dir='ltr'>imperatore</span> <span class='ocrx_word' id='word_1_65' title='bbox 1240 1431 1418 1510; x_wconf 85' lang='lat' dir='ltr'>Heinrico</span> <span class='ocrx_word' id='word_1_66' title='bbox 1435 1433 1490 1511; x_wconf 91' lang='lat' dir='ltr'>se.</span> 
     </span>
     <span class='ocr_line' id='line_1_12' title="bbox 225 1522 1006 1610; baseline -0.01 0"><span class='ocrx_word' id='word_1_67' title='bbox 225 1534 357 1610; x_wconf 90' lang='lat' dir='ltr'>cundo.</span> <span class='ocrx_word' id='word_1_68' title='bbox 410 1529 506 1608; x_wconf 75' lang='lat' dir='ltr'>aaa</span> <span class='ocrx_word' id='word_1_69' title='bbox 521 1527 602 1605; x_wconf 89' lang='lat' dir='ltr'>sunt</span> <span class='ocrx_word' id='word_1_70' title='bbox 619 1526 701 1606; x_wconf 78' lang='lat' dir='ltr'>hac</span> <span class='ocrx_word' id='word_1_71' title='bbox 716 1522 871 1602; x_wconf 84' lang='lat' dir='ltr'>feliciter</span> <span class='ocrx_word' id='word_1_72' title='bbox 886 1547 1006 1604; x_wconf 89' lang='lat' dir='ltr'>anien.</span> 
     </span>
    </p>
   </div>
   <div class='ocr_carea' id='block_1_4' title="bbox 213 1725 1489 1955">
    <p class='ocr_par' dir='ltr' id='par_1_4' title="bbox 213 1725 1489 1955">
     <span class='ocr_line' id='line_1_13' title="bbox 223 1725 1489 1907; baseline 0.004 -88"><span class='ocrx_word' id='word_1_73' title='bbox 223 1735 348 1907; x_wconf 85' lang='lat' dir='ltr'>His</span> <span class='ocrx_word' id='word_1_74' title='bbox 372 1729 593 1864; x_wconf 67' lang='lat' dir='ltr'>succeflens</span> <span class='ocrx_word' id='word_1_75' title='bbox 619 1728 718 1859; x_wconf 74' lang='lat' dir='ltr'>Deo</span> <span class='ocrx_word' id='word_1_76' title='bbox 746 1725 895 1856; x_wconf 55' lang='lat' dir='ltr'>{lignus</span> <span class='ocrx_word' id='word_1_77' title='bbox 913 1749 1033 1860; x_wconf 77' lang='lat' dir='ltr'>pater</span> <span class='ocrx_word' id='word_1_78' title='bbox 1060 1731 1401 1863; x_wconf 19' lang='lat' dir='ltr'>Anshelniuspsua</span> <span class='ocrx_word' id='word_1_79' title='bbox 1428 1739 1489 1824; x_wconf 89' lang='lat' dir='ltr'>ni·</span> 
     </span>
     <span class='ocr_line' id='line_1_14' title="bbox 213 1836 1489 1955; baseline -0.002 -23"><span class='ocrx_word' id='word_1_80' title='bbox 213 1922 217 1932; x_wconf 91' lang='lat'>.</span> <span class='ocrx_word' id='word_1_81' title='bbox 341 1841 587 1928; x_wconf 90' lang='lat' dir='ltr'>chiloniinus</span> <span class='ocrx_word' id='word_1_82' title='bbox 604 1836 849 1926; x_wconf 77' lang='lat' dir='ltr'>liberalitate</span> <span class='ocrx_word' id='word_1_83' title='bbox 877 1838 945 1926; x_wconf 91' lang='lat' dir='ltr'>vel</span> <span class='ocrx_word' id='word_1_84' title='bbox 964 1839 1098 1955; x_wconf 87' lang='lat' dir='ltr'>ipsum</span> <span class='ocrx_word' id='word_1_85' title='bbox 1114 1845 1406 1930; x_wconf 86' lang='lat' dir='ltr'>monasterium</span> <span class='ocrx_word' id='word_1_86' title='bbox 1429 1848 1489 1932; x_wconf 91' lang='lat' dir='ltr'>di·</span> 
     </span>
    </p>
   </div>
   <div class='ocr_carea' id='block_1_5' title="bbox 222 1951 1490 2158">
    <p class='ocr_par' dir='ltr' id='par_1_5' title="bbox 222 1951 1490 2158">
     <span class='ocr_line' id='line_1_15' title="bbox 222 1951 1490 2154; baseline 0.002 -111"><span class='ocrx_word' id='word_1_87' title='bbox 222 1961 331 2088; x_wconf 77' lang='lat' dir='ltr'>tavit</span> <span class='ocrx_word' id='word_1_88' title='bbox 333 2015 356 2154; x_wconf 50' lang='grc' dir='ltr'><strong>ἐ</strong></span> <span class='ocrx_word' id='word_1_89' title='bbox 382 1955 675 2086; x_wconf 85' lang='lat' dir='ltr'>pensionesque</span> <span class='ocrx_word' id='word_1_90' title='bbox 694 1952 784 2064; x_wconf 87' lang='lat' dir='ltr'>ojus</span> <span class='ocrx_word' id='word_1_91' title='bbox 801 1981 958 2038; x_wconf 86' lang='lat' dir='ltr'>annuas</span> <span class='ocrx_word' id='word_1_92' title='bbox 987 1956 1030 2038; x_wconf 92' lang='lat' dir='ltr'>in</span> <span class='ocrx_word' id='word_1_93' title='bbox 1047 1951 1157 2040; x_wconf 90' lang='lat' dir='ltr'>hunc</span> <span class='ocrx_word' id='word_1_94' title='bbox 1171 1955 1346 2046; x_wconf 86' lang='lat' dir='ltr'>moduni</span> <span class='ocrx_word' id='word_1_95' title='bbox 1364 1985 1490 2045; x_wconf 85' lang='lat' dir='ltr'>anno·</span> 
     </span>
     <span class='ocr_line' id='line_1_16' title="bbox 223 2088 445 2158; baseline 0.009 -2"><span class='ocrx_word' id='word_1_96' title='bbox 223 2091 307 2156; x_wconf 88' lang='lat' dir='ltr'>tari</span> <span class='ocrx_word' id='word_1_97' title='bbox 351 2088 445 2158; x_wconf 76' lang='lat' dir='ltr'>ecit.</span> 
     </span>
    </p>
   </div>
   <div class='ocr_carea' id='block_1_6' title="bbox 203 2175 1489 2617">
    <p class='ocr_par' dir='ltr' id='par_1_6' title="bbox 203 2175 1489 2617">
     <span class='ocr_line' id='line_1_17' title="bbox 723 2175 1015 2294; baseline -0.007 -25"><span class='ocrx_word' id='word_1_98' title='bbox 723 2175 1015 2294; x_wconf 61' lang='lat' dir='ltr'>ccxxxix</span> 
     </span>
     <span class='ocr_line' id='line_1_18' title="bbox 217 2309 957 2424; baseline -0.016 -16"><span class='ocrx_word' id='word_1_99' title='bbox 217 2395 224 2408; x_wconf 95' lang='lat'><em>.</em></span> <span class='ocrx_word' id='word_1_100' title='bbox 278 2397 329 2424; x_wconf 71' lang='grc'>,,</span> <span class='ocrx_word' id='word_1_101' title='bbox 749 2309 820 2400; x_wconf 73' lang='lat' dir='ltr'>Aa</span> <span class='ocrx_word' id='word_1_102' title='bbox 846 2309 957 2397; x_wconf 81' lang='lat' dir='ltr'>idem.</span> 
     </span>
     <span class='ocr_line' id='line_1_19' title="bbox 203 2471 1489 2617; baseline 0.003 -65"><span class='ocrx_word' id='word_1_103' title='bbox 203 2484 380 2617; x_wconf 62' lang='lat' dir='ltr'>,Notum</span> <span class='ocrx_word' id='word_1_104' title='bbox 413 2471 458 2552; x_wconf 86' lang='lat' dir='ltr'>lit</span> <span class='ocrx_word' id='word_1_105' title='bbox 476 2475 647 2552; x_wconf 89' lang='lat' dir='ltr'>omnibus</span> <span class='ocrx_word' id='word_1_106' title='bbox 661 2475 700 2550; x_wconf 93' lang='lat' dir='ltr'>in</span> <span class='ocrx_word' id='word_1_107' title='bbox 726 2474 867 2551; x_wconf 87' lang='lat' dir='ltr'>Christo</span> <span class='ocrx_word' id='word_1_108' title='bbox 883 2474 1077 2563; x_wconf 87' lang='lat' dir='ltr'>fidelibus,</span> <span class='ocrx_word' id='word_1_109' title='bbox 1110 2475 1268 2574; x_wconf 87' lang='lat' dir='ltr'>qualiter</span> <span class='ocrx_word' id='word_1_110' title='bbox 1282 2499 1353 2572; x_wconf 81' lang='lat' dir='ltr'>ego</span> <span class='ocrx_word' id='word_1_111' title='bbox 1378 2475 1489 2556; x_wconf 82' lang='lat' dir='ltr'>Aus-</span> 
     </span>
    </p>
   </div>
   <div class='ocr_carea' id='block_1_7' title="bbox 220 2567 1486 2667">
    <p class='ocr_par' dir='ltr' id='par_1_7' title="bbox 220 2567 1486 2667">
     <span class='ocr_line' id='line_1_20' title="bbox 220 2567 1486 2667; baseline 0.002 -15"><span class='ocrx_word' id='word_1_112' title='bbox 220 2601 500 2667; x_wconf 45' lang='lat' dir='ltr'>Qiuus,</span> <span class='ocrx_word' id='word_1_113' title='bbox 529 2577 669 2654; x_wconf 73' lang='lat' dir='ltr'>sanstae</span> <span class='ocrx_word' id='word_1_114' title='bbox 697 2567 1062 2652; x_wconf 88' lang='lat' dir='ltr'>Lauresliarnmensis</span> <span class='ocrx_word' id='word_1_115' title='bbox 1082 2577 1255 2654; x_wconf 88' lang='lat' dir='ltr'>ecclesiae</span> <span class='ocrx_word' id='word_1_116' title='bbox 1272 2580 1360 2653; x_wconf 90' lang='lat' dir='ltr'>licet</span> <span class='ocrx_word' id='word_1_117' title='bbox 1393 2580 1486 2655; x_wconf 90' lang='lat' dir='ltr'>indi-</span> 
     </span>
    </p>
   </div>
   <div class='ocr_carea' id='block_1_8' title="bbox 178 2677 1487 2875">
    <p class='ocr_par' dir='ltr' id='par_1_8' title="bbox 178 2677 1487 2875">
     <span class='ocr_line' id='line_1_21' title="bbox 178 2677 1487 2784; baseline 0.002 -30"><span class='ocrx_word' id='word_1_118' title='bbox 178 2701 315 2784; x_wconf 53' lang='lat' dir='ltr'>„gius</span> <span class='ocrx_word' id='word_1_119' title='bbox 342 2679 482 2765; x_wconf 84' lang='lat' dir='ltr'>abbas,</span> <span class='ocrx_word' id='word_1_120' title='bbox 514 2703 602 2754; x_wconf 89' lang='lat' dir='ltr'>cum</span> <span class='ocrx_word' id='word_1_121' title='bbox 627 2677 866 2755; x_wconf 89' lang='lat' dir='ltr'>Zundeboldo</span> <span class='ocrx_word' id='word_1_122' title='bbox 896 2677 1096 2778; x_wconf 83' lang='lat' dir='ltr'>praepofito</span> <span class='ocrx_word' id='word_1_123' title='bbox 1126 2677 1487 2775; x_wconf 83' lang='lat' dir='ltr'>Abirinesbergensr,</span> 
     </span>
     <span class='ocr_line' id='line_1_22' title="bbox 220 2778 1486 2875; baseline 0.002 -21"><span class='ocrx_word' id='word_1_124' title='bbox 220 2801 335 2854; x_wconf 88' lang='lat' dir='ltr'>manu</span> <span class='ocrx_word' id='word_1_125' title='bbox 368 2781 539 2853; x_wconf 87' lang='lat' dir='ltr'>advocati</span> <span class='ocrx_word' id='word_1_126' title='bbox 564 2778 769 2865; x_wconf 85' lang='lat' dir='ltr'>Bertholfi,</span> <span class='ocrx_word' id='word_1_127' title='bbox 803 2801 928 2854; x_wconf 85' lang='lat' dir='ltr'>aream</span> <span class='ocrx_word' id='word_1_128' title='bbox 953 2779 991 2856; x_wconf 68' lang='grc' dir='ltr'><strong>ἃ</strong></span> <span class='ocrx_word' id='word_1_129' title='bbox 1017 2781 1146 2855; x_wconf 89' lang='lat' dir='ltr'>vineas</span> <span class='ocrx_word' id='word_1_130' title='bbox 1166 2780 1206 2854; x_wconf 92' lang='lat' dir='ltr'>in</span> <span class='ocrx_word' id='word_1_131' title='bbox 1230 2780 1486 2875; x_wconf 78' lang='lat' dir='ltr'>Scrieaersuim,</span> 
     </span>
    </p>
   </div>
   <div class='ocr_carea' id='block_1_9' title="bbox 184 2863 1602 2977">
    <p class='ocr_par' dir='ltr' id='par_1_9' title="bbox 184 2863 1602 2977">
     <span class='ocr_line' id='line_1_23' title="bbox 184 2863 1602 2977; baseline 0.004 -24"><span class='ocrx_word' id='word_1_132' title='bbox 184 2863 384 2970; x_wconf 50' lang='lat' dir='ltr'>ffiobariis</span> <span class='ocrx_word' id='word_1_133' title='bbox 397 2891 505 2968; x_wconf 90' lang='lat' dir='ltr'>atque</span> <span class='ocrx_word' id='word_1_134' title='bbox 522 2881 713 2963; x_wconf 88' lang='lat' dir='ltr'>curtariis,</span> <span class='ocrx_word' id='word_1_135' title='bbox 739 2895 882 2972; x_wconf 87' lang='lat' dir='ltr'>praeter</span> <span class='ocrx_word' id='word_1_136' title='bbox 894 2902 963 2964; x_wconf 88' lang='lat' dir='ltr'>ea,</span> <span class='ocrx_word' id='word_1_137' title='bbox 989 2879 1175 2977; x_wconf 86' lang='lat' dir='ltr'>quaejam</span> <span class='ocrx_word' id='word_1_138' title='bbox 1195 2882 1236 2954; x_wconf 91' lang='lat' dir='ltr'>in</span> <span class='ocrx_word' id='word_1_139' title='bbox 1260 2883 1406 2958; x_wconf 86' lang='lat' dir='ltr'>servitio</span> <span class='ocrx_word' id='word_1_140' title='bbox 1418 2883 1487 2960; x_wconf 89' lang='lat' dir='ltr'>ha·</span> <span class='ocrx_word' id='word_1_141' title='bbox 1557 2905 1602 2969; x_wconf 75' lang='lat'>⁴,</span> 
     </span>
    </p>
   </div>
   <div class='ocr_carea' id='block_1_10' title="bbox 161 2963 1488 3487">
    <p class='ocr_par' dir='ltr' id='par_1_10' title="bbox 161 2963 1488 3487">
     <span class='ocr_line' id='line_1_24' title="bbox 196 2963 1488 3082; baseline -0.008 -24.059"><span class='ocrx_word' id='word_1_142' title='bbox 196 2963 408 3082; x_wconf 37' lang='lat' dir='ltr'>sshperunt,</span> <span class='ocrx_word' id='word_1_143' title='bbox 434 2973 497 3047; x_wconf 88' lang='lat' dir='ltr'>sub</span> <span class='ocrx_word' id='word_1_144' title='bbox 515 2995 636 3047; x_wconf 90' lang='lat' dir='ltr'>annua</span> <span class='ocrx_word' id='word_1_145' title='bbox 657 2975 696 3048; x_wconf 76' lang='lat' dir='ltr'>ti</span> <span class='ocrx_word' id='word_1_146' title='bbox 722 2975 967 3051; x_wconf 87' lang='lat' dir='ltr'>determinata</span> <span class='ocrx_word' id='word_1_147' title='bbox 985 2980 1156 3076; x_wconf 75' lang='lat' dir='ltr'>pensione</span> <span class='ocrx_word' id='word_1_148' title='bbox 1169 2978 1252 3074; x_wconf 87' lang='lat' dir='ltr'>jure</span> <span class='ocrx_word' id='word_1_149' title='bbox 1276 2981 1488 3060; x_wconf 73' lang='lat' dir='ltr'>haeredita.</span> 
     </span>
     <span class='ocr_line' id='line_1_25' title="bbox 198 3074 1484 3196; baseline 0.005 -44"><span class='ocrx_word' id='word_1_150' title='bbox 198 3082 281 3196; x_wconf 49' lang='lat' dir='ltr'>„rip</span> <span class='ocrx_word' id='word_1_151' title='bbox 291 3075 523 3183; x_wconf 83' lang='lat' dir='ltr'>contradidi,</span> <span class='ocrx_word' id='word_1_152' title='bbox 549 3074 672 3186; x_wconf 79' lang='lat' dir='ltr'>eisque</span> <span class='ocrx_word' id='word_1_153' title='bbox 696 3076 867 3168; x_wconf 87' lang='lat' dir='ltr'>conceffi,</span> <span class='ocrx_word' id='word_1_154' title='bbox 895 3083 954 3166; x_wconf 85' lang='lat' dir='ltr'>ut,</span> <span class='ocrx_word' id='word_1_155' title='bbox 969 3103 1056 3174; x_wconf 81' lang='lat' dir='ltr'>cuni</span> <span class='ocrx_word' id='word_1_156' title='bbox 1076 3081 1211 3177; x_wconf 82' lang='lat' dir='ltr'>aliquis</span> <span class='ocrx_word' id='word_1_157' title='bbox 1243 3083 1484 3172; x_wconf 79' lang='lat' dir='ltr'>hobarioruin</span> 
     </span>
     <span class='ocr_line' id='line_1_26' title="bbox 192 3178 1485 3282; baseline 0.005 -28"><span class='ocrx_word' id='word_1_158' title='bbox 192 3181 364 3282; x_wconf 38' lang='lat' dir='ltr'>apparit,</span> <span class='ocrx_word' id='word_1_159' title='bbox 390 3178 522 3254; x_wconf 88' lang='lat' dir='ltr'>haeres</span> <span class='ocrx_word' id='word_1_160' title='bbox 542 3196 621 3270; x_wconf 79' lang='lat' dir='ltr'>ejus</span> <span class='ocrx_word' id='word_1_161' title='bbox 647 3187 793 3250; x_wconf 89' lang='lat' dir='ltr'>tantuin</span> <span class='ocrx_word' id='word_1_162' title='bbox 818 3202 843 3253; x_wconf 88' lang='lat' dir='ltr'><strong>v</strong></span> <span class='ocrx_word' id='word_1_163' title='bbox 859 3179 989 3254; x_wconf 88' lang='lat' dir='ltr'>solidos</span> <span class='ocrx_word' id='word_1_164' title='bbox 1013 3182 1291 3261; x_wconf 86' lang='lat' dir='ltr'>Wormatienlis</span> <span class='ocrx_word' id='word_1_165' title='bbox 1312 3200 1485 3261; x_wconf 83' lang='lat' dir='ltr'>monetae</span> 
     </span>
     <span class='ocr_line' id='line_1_27' title="bbox 182 3273 1483 3384; baseline 0.003 -27"><span class='ocrx_word' id='word_1_166' title='bbox 182 3279 411 3384; x_wconf 62' lang='lat' dir='ltr'>„Qpraditli</span> <span class='ocrx_word' id='word_1_167' title='bbox 432 3281 502 3354; x_wconf 92' lang='lat' dir='ltr'>loci</span> <span class='ocrx_word' id='word_1_168' title='bbox 524 3273 748 3376; x_wconf 90' lang='lat' dir='ltr'>praeposito,</span> <span class='ocrx_word' id='word_1_169' title='bbox 774 3277 813 3354; x_wconf 76' lang='grc' dir='ltr'>δι</span> <span class='ocrx_word' id='word_1_170' title='bbox 827 3281 975 3356; x_wconf 89' lang='lat' dir='ltr'>unciam</span> <span class='ocrx_word' id='word_1_171' title='bbox 996 3278 1076 3375; x_wconf 86' lang='lat' dir='ltr'>ejus</span> <span class='ocrx_word' id='word_1_172' title='bbox 1097 3284 1221 3358; x_wconf 80' lang='lat' dir='ltr'>villico</span> <span class='ocrx_word' id='word_1_173' title='bbox 1247 3285 1410 3373; x_wconf 90' lang='lat' dir='ltr'>tribuat,</span> <span class='ocrx_word' id='word_1_174' title='bbox 1437 3307 1483 3362; x_wconf 80' lang='lat' dir='ltr'>ac</span> 
     </span>
     <span class='ocr_line' id='line_1_28' title="bbox 161 3375 1483 3487; baseline 0.005 -33"><span class='ocrx_word' id='word_1_175' title='bbox 161 3447 166 3454; x_wconf 90' lang='lat'>.</span> <span class='ocrx_word' id='word_1_176' title='bbox 182 3381 487 3479; x_wconf 26' lang='lat' dir='ltr'>&amp;haereditatem</span> <span class='ocrx_word' id='word_1_177' title='bbox 504 3380 608 3455; x_wconf 92' lang='lat' dir='ltr'>suam</span> <span class='ocrx_word' id='word_1_178' title='bbox 621 3375 828 3487; x_wconf 66' lang='lat' dir='ltr'>poffideatp</span> <span class='ocrx_word' id='word_1_179' title='bbox 855 3381 1063 3458; x_wconf 85' lang='lat' dir='ltr'>Persolvere</span> <span class='ocrx_word' id='word_1_180' title='bbox 1078 3398 1206 3461; x_wconf 89' lang='lat' dir='ltr'>autem</span> <span class='ocrx_word' id='word_1_181' title='bbox 1219 3385 1353 3462; x_wconf 87' lang='lat' dir='ltr'>debent</span> <span class='ocrx_word' id='word_1_182' title='bbox 1367 3386 1483 3461; x_wconf 86' lang='lat' dir='ltr'>hoba·</span> 
     </span>
    </p>
   </div>
   <div class='ocr_carea' id='block_1_11' title="bbox 259 3627 1479 4149">
    <p class='ocr_par' dir='ltr' id='par_1_11' title="bbox 259 3627 1479 4149">
     <span class='ocr_line' id='line_1_29' title="bbox 259 3627 1478 3718; baseline 0 -22"><span class='ocrx_word' id='word_1_183' title='bbox 259 3641 279 3718; x_wconf 89' lang='lat'>(</span> <span class='ocrx_word' id='word_1_184' title='bbox 286 3639 329 3715; x_wconf 84' lang='lat' dir='ltr'>a)</span> <span class='ocrx_word' id='word_1_185' title='bbox 349 3633 509 3716; x_wconf 84' lang='lat' dir='ltr'>Corruptae</span> <span class='ocrx_word' id='word_1_186' title='bbox 522 3631 572 3696; x_wconf 80' lang='lat' dir='ltr'>11ae</span> <span class='ocrx_word' id='word_1_187' title='bbox 586 3640 669 3694; x_wconf 80' lang='lat' dir='ltr'>notae</span> <span class='ocrx_word' id='word_1_188' title='bbox 685 3628 848 3694; x_wconf 73' lang='lat' dir='ltr'>chronica.</span> <span class='ocrx_word' id='word_1_189' title='bbox 869 3627 966 3712; x_wconf 77' lang='lat' dir='ltr'>Hugo</span> <span class='ocrx_word' id='word_1_190' title='bbox 980 3633 1065 3694; x_wconf 84' lang='lat' dir='ltr'>enirn</span> <span class='ocrx_word' id='word_1_191' title='bbox 1077 3632 1132 3696; x_wconf 88' lang='lat' dir='ltr'>snb</span> <span class='ocrx_word' id='word_1_192' title='bbox 1144 3629 1283 3693; x_wconf 81' lang='lat' dir='ltr'>ilenrico</span> <span class='ocrx_word' id='word_1_193' title='bbox 1295 3630 1345 3693; x_wconf 86' lang='lat'>111</span> <span class='ocrx_word' id='word_1_194' title='bbox 1358 3632 1431 3713; x_wconf 85' lang='lat' dir='ltr'>imp.</span> <span class='ocrx_word' id='word_1_195' title='bbox 1441 3627 1478 3696; x_wconf 74' lang='grc' dir='ltr'>δι</span> 
     </span>
     <span class='ocr_line' id='line_1_30' title="bbox 301 3714 1478 3800; baseline -0.003 -18"><span class='ocrx_word' id='word_1_196' title='bbox 301 3719 408 3782; x_wconf 85' lang='lat' dir='ltr'>Leone</span> <span class='ocrx_word' id='word_1_197' title='bbox 421 3719 469 3781; x_wconf 87' lang='lat' dir='ltr'>ix</span> <span class='ocrx_word' id='word_1_198' title='bbox 480 3737 558 3800; x_wconf 86' lang='lat' dir='ltr'>papa</span> <span class='ocrx_word' id='word_1_199' title='bbox 568 3719 695 3782; x_wconf 87' lang='lat' dir='ltr'>demum</span> <span class='ocrx_word' id='word_1_200' title='bbox 704 3715 767 3778; x_wconf 87' lang='lat' dir='ltr'>fuit</span> <span class='ocrx_word' id='word_1_201' title='bbox 782 3717 886 3792; x_wconf 81' lang='lat' dir='ltr'>abbas,</span> <span class='ocrx_word' id='word_1_202' title='bbox 896 3717 946 3780; x_wconf 90' lang='lat' dir='ltr'>uti</span> <span class='ocrx_word' id='word_1_203' title='bbox 954 3728 1041 3800; x_wconf 86' lang='lat' dir='ltr'>patet</span> <span class='ocrx_word' id='word_1_204' title='bbox 1057 3739 1096 3782; x_wconf 84' lang='lat' dir='ltr'>eii</span> <span class='ocrx_word' id='word_1_205' title='bbox 1109 3714 1317 3799; x_wconf 83' lang='lat' dir='ltr'>superioribus</span> <span class='ocrx_word' id='word_1_206' title='bbox 1324 3733 1394 3796; x_wconf 80' lang='lat' dir='ltr'>pag.</span> <span class='ocrx_word' id='word_1_207' title='bbox 1403 3736 1478 3800; x_wconf 81' lang='lat'>172·</span> 
     </span>
     <span class='ocr_line' id='line_1_31' title="bbox 302 3797 1476 3888; baseline -0.003 -21"><span class='ocrx_word' id='word_1_208' title='bbox 302 3803 400 3884; x_wconf 84' lang='lat' dir='ltr'>Cujus</span> <span class='ocrx_word' id='word_1_209' title='bbox 415 3803 460 3866; x_wconf 89' lang='lat' dir='ltr'>rei</span> <span class='ocrx_word' id='word_1_210' title='bbox 473 3802 672 3868; x_wconf 83' lang='lat' dir='ltr'>Helwichins</span> <span class='ocrx_word' id='word_1_211' title='bbox 684 3821 804 3868; x_wconf 85' lang='lat' dir='ltr'>memor</span> <span class='ocrx_word' id='word_1_212' title='bbox 816 3802 919 3888; x_wconf 88' lang='lat' dir='ltr'>posuit</span> <span class='ocrx_word' id='word_1_213' title='bbox 931 3822 983 3868; x_wconf 73' lang='lat' dir='ltr'>an,</span> <span class='ocrx_word' id='word_1_214' title='bbox 993 3802 1145 3876; x_wconf 76' lang='lat' dir='ltr'>lixivi,</span> <span class='ocrx_word' id='word_1_215' title='bbox 1158 3800 1212 3864; x_wconf 84' lang='lat' dir='ltr'>sed</span> <span class='ocrx_word' id='word_1_216' title='bbox 1235 3797 1352 3862; x_wconf 88' lang='lat' dir='ltr'>oblitus</span> <span class='ocrx_word' id='word_1_217' title='bbox 1368 3801 1413 3864; x_wconf 84' lang='lat' dir='ltr'>est</span> <span class='ocrx_word' id='word_1_218' title='bbox 1425 3803 1476 3863; x_wconf 80' lang='lat' dir='ltr'>iri·</span> 
     </span>
     <span class='ocr_line' id='line_1_32' title="bbox 295 3884 1478 3972; baseline 0 -21"><span class='ocrx_word' id='word_1_219' title='bbox 295 3885 469 3962; x_wconf 67' lang='lat' dir='ltr'>nitrionis,</span> <span class='ocrx_word' id='word_1_220' title='bbox 491 3909 566 3972; x_wconf 81' lang='lat' dir='ltr'>quae</span> <span class='ocrx_word' id='word_1_221' title='bbox 579 3899 650 3952; x_wconf 91' lang='lat' dir='ltr'>tuin</span> <span class='ocrx_word' id='word_1_222' title='bbox 671 3887 750 3956; x_wconf 88' lang='lat' dir='ltr'>XIV</span> <span class='ocrx_word' id='word_1_223' title='bbox 764 3888 846 3962; x_wconf 88' lang='lat' dir='ltr'>suit,</span> <span class='ocrx_word' id='word_1_224' title='bbox 867 3909 930 3951; x_wconf 91' lang='lat' dir='ltr'>non</span> <span class='ocrx_word' id='word_1_225' title='bbox 944 3887 1018 3956; x_wconf 82' lang='lat' dir='ltr'>vii</span> <span class='ocrx_word' id='word_1_226' title='bbox 1062 3886 1169 3954; x_wconf 85' lang='lat' dir='ltr'>Posuit</span> <span class='ocrx_word' id='word_1_227' title='bbox 1181 3884 1304 3966; x_wconf 86' lang='lat' dir='ltr'>insuper</span> <span class='ocrx_word' id='word_1_228' title='bbox 1325 3894 1478 3968; x_wconf 71' lang='lat' dir='ltr'>regnante</span> 
     </span>
     <span class='ocr_line' id='line_1_33' title="bbox 300 3969 1479 4062; baseline 0.001 -24"><span class='ocrx_word' id='word_1_229' title='bbox 300 3975 375 4054; x_wconf 67' lang='lat' dir='ltr'>scrip.</span> <span class='ocrx_word' id='word_1_230' title='bbox 384 3973 532 4038; x_wconf 76' lang='lat' dir='ltr'>Heiarlco</span> <span class='ocrx_word' id='word_1_231' title='bbox 551 3977 626 4049; x_wconf 89' lang='grc' dir='ltr'><em>ΙΙΙ,</em></span> <span class='ocrx_word' id='word_1_232' title='bbox 639 3973 730 4040; x_wconf 79' lang='lat' dir='ltr'>male.</span> <span class='ocrx_word' id='word_1_233' title='bbox 773 3974 942 4042; x_wconf 75' lang='lat' dir='ltr'>Heinricits</span> <span class='ocrx_word' id='word_1_234' title='bbox 963 3975 1015 4049; x_wconf 72' lang='lat' dir='ltr'>hic</span> <span class='ocrx_word' id='word_1_235' title='bbox 1034 3974 1151 4046; x_wconf 62' lang='lat' dir='ltr'>irrisus</span> <span class='ocrx_word' id='word_1_236' title='bbox 1172 3969 1305 4062; x_wconf 75' lang='lat' dir='ltr'>quidem</span> <span class='ocrx_word' id='word_1_237' title='bbox 1332 3970 1396 4040; x_wconf 74' lang='lat' dir='ltr'>suit</span> <span class='ocrx_word' id='word_1_238' title='bbox 1414 3989 1479 4041; x_wconf 71' lang='lat' dir='ltr'>ux</span> 
     </span>
     <span class='ocr_line' id='line_1_34' title="bbox 300 4055 919 4149; baseline 0.005 -19"><span class='ocrx_word' id='word_1_239' title='bbox 300 4055 479 4144; x_wconf 63' lang='lat' dir='ltr'>§cincun</span> <span class='ocrx_word' id='word_1_240' title='bbox 491 4103 503 4142; x_wconf 83' lang='grc'><strong><em>,</em></strong></span> <span class='ocrx_word' id='word_1_241' title='bbox 524 4061 741 4146; x_wconf 62' lang='lat' dir='ltr'>attrectator</span> <span class='ocrx_word' id='word_1_242' title='bbox 753 4057 919 4149; x_wconf 60' lang='lat' dir='ltr'>secamur·</span> 
     </span>
    </p>
   </div>
   <div class='ocr_carea' id='block_1_12' title="bbox 0 0 2004 5417">
    <p class='ocr_par' dir='ltr' id='par_1_12' title="bbox 0 0 2004 5417">
     <span class='ocr_line' id='line_1_35' title="bbox 0 0 2004 5417; baseline 0 9"><span class='ocrx_word' id='word_1_243' title='bbox 0 0 2004 5417; x_wconf 95' lang='lat' dir='ltr'> </span> 
     </span>
    </p>
   </div>
  </div>
 </body>
</html>
