4000 5417
445 793 448 800 ¹
490 763 574 840 him
588 757 650 857 vjjj
669 760 813 836 mansos
830 783 840 853 3
867 760 905 835 in
921 759 1178 860 Honscue'ssuim
1193 758 1242 857 vjj
1260 759 1428 855 mansos3
1455 761 1495 838 in
1527 762 1754 861 Gilossassuim

487 861 528 962 jjj
547 861 703 940 mansos.
755 861 870 958 Cujus
883 864 1075 963 petitioni,
1101 862 1190 959 quia
1203 863 1431 939 rationabilis
1448 878 1561 961 atque
1586 866 1754 962 religioni

340 975 349 986 “
397 1030 405 1042 ,
492 965 615 1041 dedita
628 963 844 1052 videbatur,
870 988 997 1040 aurem
1018 963 1242 1040 libentissime
1269 966 1617 1055 accomodavimus,
1643 982 1753 1063 atque

495 1067 617 1144 eidem
631 1064 801 1141 ecclebae
820 1067 866 1140 ab
883 1066 957 1166 ipso
973 1065 1136 1143 concessa
1149 1089 1214 1165 per
1238 1067 1335 1141 hanc
1349 1067 1509 1147 nostram
1528 1068 1756 1166 imperialem

493 1168 672 1270 paginam
687 1168 939 1255 concedimus,
966 1183 1079 1265 atque
1092 1168 1367 1242 confirmamus.
1419 1169 1671 1244 InterdIcendo
1684 1169 1755 1243 ita·

365 1321 366 1325 ¹
494 1293 566 1368 que
580 1269 859 1358 interdicimus,
885 1280 929 1343 ut
943 1269 1068 1344 nullus
1082 1268 1245 1367 posthinc
1267 1269 1381 1344 abbas
1394 1269 1515 1344 eidem
1537 1268 1755 1344 monasterio

492 1373 541 1446 de
555 1369 832 1470 praenominatis
844 1370 936 1444 locis
953 1370 1094 1469 aliquid
1107 1371 1249 1448 auferre
1262 1369 1301 1450 ὁ(
1316 1371 1363 1446 ad
1384 1370 1464 1446 suos
1478 1369 1564 1448 usus
1579 1370 1755 1459 conferre,

493 1471 692 1548 srvealicui
708 1472 817 1548 militi
830 1471 1101 1548 inbeneficium
1114 1474 1202 1548 dare
1215 1473 1426 1571 praesumat.
1473 1472 1516 1548 Si
1529 1479 1654 1547 autem
1671 1471 1754 1559 hoc,
1820 1491 1828 1500 “

493 1574 594 1672 quod
608 1572 724 1662 abfit,
750 1573 904 1662 fecerit,
936 1575 1018 1649 Dei'
1032 1574 1292 1673 omnipotentis
1307 1572 1481 1651 offensam
1495 1572 1534 1651 dt
1549 1572 1657 1648 sansti
1682 1573 1755 1648 Mi·

493 1674 632 1750 chaelis
653 1674 864 1771 archangeli
897 1675 1139 1772 omniumque
1171 1676 1406 1774 supernorum
1431 1677 1567 1753 civium
1588 1673 1756 1773 inprimis

492 1775 672 1862 incurrat,
698 1774 737 1851 &
760 1791 802 1851 ut
828 1777 939 1851 banni
971 1777 1079 1852 nostri
1101 1776 1362 1872 transgressor,
1390 1779 1470 1852 auri
1490 1777 1622 1877 optimi
1644 1774 1756 1851 libras

371 1975 375 1978 -
492 1876 586 1952 Cad
607 1897 794 1951 cameram
820 1876 978 1953 nostram
999 1878 1193 1978 persolvat
1246 1881 1296 1955 Et
1310 1893 1355 1955 ut
1379 1879 1473 1954 haec
1489 1880 1629 1954 nostrae
1654 1877 1757 1971 inge·

490 1978 645 2054 nuitatis
662 1978 857 2054 austoritas
870 1978 1008 2056 stabilis
1022 1981 1061 2057 dt
1075 1980 1288 2058 inconvulsa
1313 1983 1415 2058 omni
1431 1981 1593 2084 posthinc
1614 2001 1758 2079 perma-

490 2093 579 2155 neat
603 2092 792 2177 tempore,
818 2080 889 2155 hoc
915 2095 1151 2182 praeceptum
1166 2083 1251 2156 inde
1277 2083 1523 2186 conscriptum
1548 2106 1660 2156 manu
1676 2101 1759 2178 pro·
1801 2145 1807 2150 .

491 2181 572 2278 pria
586 2179 845 2268 confirmantes
862 2235 872 2270 ,
899 2181 1007 2277 figilli
1026 2183 1136 2258 nostri
1158 2183 1380 2282 impressione
1401 2182 1567 2277 jussimus
1582 2181 1758 2276 insigniri.

490 2281 646 2376 Signum
661 2282 801 2358 domini
826 2284 991 2359 Heinrici
1018 2287 1271 2360 Romanorum
1293 2281 1504 2358 invidissimi
1526 2282 1757 2378 imperatoris

493 2380 649 2478 augusti.
703 2384 931 2460 Guntherius
948 2387 1190 2460 cancellarius
1203 2385 1283 2460 vice
1317 2382 1493 2460 Aribonis
1506 2381 1754 2456 archicancel-

491 2485 573 2561 larii
589 2485 799 2586 recognoui.
850 2485 948 2560 Data
970 2486 1055 2562 idus
1080 2486 1319 2571 Decembris,
1346 2483 1539 2558 indictione
1556 2483 1631 2570 VI,
1658 2505 1755 2556 anno

490 2587 707 2662 Dominicae
722 2585 981 2663 incarnationis
1008 2586 1190 2677 MXXIII‘,
1204 2607 1302 2677 anno
1326 2605 1412 2660 vero
1426 2582 1569 2658 domini
1591 2581 1757 2658 Heinrici

491 2687 637 2764 secundi
653 2689 838 2784 regnantis
851 2687 987 2777 XXIII,
1000 2687 1146 2788 imperii
1163 2697 1291 2765 autern
1305 2685 1355 2764 X.
1371 2683 1510 2763 Atrum
1522 2685 1565 2764 in
1591 2683 1757 2761 Triburrb

241 2839 243 2842 -
492 2791 593 2886 regia
619 2789 720 2866 villa.

494 2950 794 3164 Venerabilis
822 3019 997 3192 puoque
1026 2991 1289 3125 abbango·
1309 2987 1533 3106 praefatum
1562 2929 1759 3073 monaste-

607 3133 717 3192 rrum
734 3103 807 3194 sua
850 3129 1046 3202 onatrone
1074 3103 1313 3193 sublimavit
1332 3166 1344 3209 ,
1370 3104 1415 3194 br
1433 3101 1513 3189 boc
1530 3101 1656 3188 modo
1666 3128 1760 3185 con·

493 3215 689 3308 firmavit.

991 3327 1284 3422 CXXXVIII.

1024 3467 1095 3558 Ad
1121 3465 1235 3554 idem.

497 3637 607 3772 Vno
619 3631 678 3708 dei
694 3634 815 3729 gratia
823 3633 937 3711 abbas
946 3629 1323 3714 Laureshammensin
1350 3623 1580 3706 SansiaeDei
1593 3625 1763 3706 ecclesiae

581 3735 783 3832 prosesium
797 3751 902 3811 tanto
918 3739 1130 3833 diligentius
1144 3755 1339 3835 procurare
1352 3732 1528 3808 debemus
1536 3784 1548 3822 ,
1573 3743 1714 3828 quanto
1726 3731 1765 3804 in

497 3834 633 3912 coelesti
647 3838 748 3912 curia
763 3837 939 3912 excelsius
962 3837 1150 3914 sublimari
1166 3837 1344 3934 cupimus.
1380 3833 1477 3908 Ecce
1491 3833 1529 3907 in
1554 3831 1765 3907 flammas·

461 4001 464 4006 .
498 3937 586 4012 sirim
607 3937 654 4014 ob
671 3952 842 4014 aeternae
856 3938 1106 4014 retributionis
1122 3937 1329 4012 mercedem
1351 3931 1435 4031 jura
1456 3931 1766 4015 constitutionum,
1855 3945 1860 3952 ’

501 4057 597 4132 quae
614 4039 662 4118 ad
675 4038 839 4120 nostrum
853 4039 1042 4120 servitium
1063 4038 1271 4139 pertinent,
1296 4037 1369 4118 sine
1390 4035 1469 4120 ulla
1499 4034 1765 4213 interdisftxipnm
