4000 5417
507 411 561 465 ru
589 407 713 464 areo
737 386 1119 463 Loaonuuausr.
1371 390 1443 486 5⁶⁹

171 695 470 781 unummansum
484 694 525 767 in
549 691 711 787 Edingaen
733 689 937 767 cumomni
952 688 1110 766 aedificio
1135 691 1196 764 luo
1212 688 1275 786 &j
1293 692 1441 768 vineam

170 801 354 882 ineodem
370 795 523 882 manso,
549 793 718 873 &aliam
743 792 938 867 dimidiam
953 787 1065 885 juxta
1085 814 1195 878 eam,
1221 791 1326 887 cujus
1350 794 1442 869 alte·

169 925 249 979 ram
265 917 412 999 partem
423 897 538 973 habet
563 895 743 980 lesuiut,
768 893 807 969 δι
822 894 867 969 de
881 894 995 991 pratis
1011 895 1058 967 ad
1068 890 1096 988 jj
1123 894 1296 987 carradas
1310 894 1384 969 feni
1401 894 1440 973 δι

168 1029 220 1079 xx
238 1000 374 1098 jurnal.
393 1000 454 1078 vel
480 998 657 1095 quidquid
671 996 747 1093 ipse
768 994 905 1070 ibidem
920 994 1018 1069 visus
1034 995 1105 1070 fuit
1125 995 1288 1081 habere,
1315 994 1441 1072 omnir

166 1104 205 1181 br
220 1130 267 1180 ex
283 1105 455 1179 omnibus
480 1101 519 1176 in
529 1099 591 1195 jus
613 1096 957 1173 &dominationem
980 1097 1091 1173 santti
1114 1098 1158 1173 N.
1186 1098 1369 1173 tradimus
1383 1112 1439 1175 at·

167 1230 240 1303 que
256 1206 550 1283 transibndimus
576 1198 806 1299 stipulatione
830 1198 993 1275 subnixa.
1048 1199 1184 1276 Alium
1206 1200 1244 1273 in
1260 1198 1439 1274 monaste·
1573 1258 1585 1265 .

166 1310 221 1383 rio
236 1310 449 1384 Laurrsbam
472 1305 560 1384 VIII
587 1303 671 1379 idus
705 1297 805 1395 Naji.
857 1300 1012 1396 Signum
1046 1301 1229 1385 Adalonis
1242 1301 1280 1378 br
1306 1301 1438 1378 Hadu·
1512 1342 1519 1359 ·
1582 1294 1600 1360 ⁸·

166 1412 271 1508 geri,
298 1412 362 1507 qui
386 1406 499 1505 hujus
524 1403 734 1482 donationis
753 1403 941 1477 kartulam
964 1404 1043 1480 lieri
1066 1404 1258 1482 &firmari
1283 1426 1436 1501 rogave·

164 1510 419 1609 massanum
433 1504 1057 1621 Dietberti‚Gumberti,Spilihardi.
1068 1507 1273 1585 Altuuinus
1290 1505 1439 1608 scripsit.
1597 1591 1599 1599 y

567 1758 572 1767 ι
637 1789 643 1797 .
709 1706 946 1799 buxum.
1054 1664 1098 1757 .·
1157 1684 1169 1813 ἦ

415 1839 419 1844 ’
585 1844 766 1941 Danubio
791 1844 1006 1957 Sigcbertr'.
1080 1954 1083 1959 Ι

164 2025 266 2154 Ego
282 2011 531 2109 Sigebrethiu
557 2012 625 2087 Dei
648 2012 797 2087 nomine
813 2033 878 2109 pro
899 2012 1061 2088 remedio
1076 2012 1211 2089 animae
1232 2035 1326 2089 meae
1341 2011 1437 2090 dono

244 2117 292 2191 ad
315 2115 477 2189 tanetum
500 2114 633 2193 Christi
658 2131 862 2209 martyrem
890 2114 1093 2190 Nazarium
1106 2112 1176 2190 &e
1203 2115 1243 2191 in
1274 2112 1436 2210 Edingen

158 2214 359 2313 jmansum
374 2238 462 2290 cum
476 2214 752 2296 omni-aedilicio
766 2215 804 2290 δι
820 2211 922 2309 mjjjj
934 2214 1071 2310 jurnal.
1087 2215 1126 2291 ἃ
1142 2216 1181 2290 in
1206 2214 1435 2313 Hantsruhrs·
1492 2260 1495 2269 =

162 2320 248 2393 heim
263 2316 319 2414 jjjj
340 2316 476 2413 jurnal.
499 2315 537 2392 uc
553 2318 699 2394 vineam
710 2314 726 2412 j
748 2316 797 2390 ad
811 2339 926 2391 unam
940 2317 1134 2393 carradam
1150 2317 1244 2405 vini,
1271 2316 1361 2395 &in
1378 2318 1433 2393 Ci-

162 2419 342 2515 arsesaam
354 2416 493 2513 jumar.
508 2415 560 2512 xjj
586 2417 626 2493 rc
640 2418 826 2515 mancipia
835 2413 877 2512 jj,
904 2400 1093 2493 literam
1108 2417 1147 2493 a
1173 2420 1432 2508 Hildrlindam,

161 2519 199 2596 &
209 2518 225 2615 j
242 2518 436 2615 bifangum
461 2518 499 2595 δι
525 2519 570 2593 de
584 2518 699 2618 pratis
721 2519 760 2593 in
785 2517 1016 2593 Lobcdenowu
1035 2520 1084 2595 ad
1108 2522 1280 2595 carradas
1303 2546 1346 2609 v,
1372 2524 1433 2598 vel

160 2622 339 2717 quidquid
359 2622 407 2695 ad
433 2618 538 2695 istam
559 2643 639 2696 rem
660 2621 840 2719 pertinere
860 2620 1032 2709 videtur,
1066 2633 1186 2696 totum
1209 2646 1232 2697 a
1257 2622 1317 2696 die
1338 2644 1432 2721 prae·

161 2722 260 2810 senti
273 2723 318 2795 de
340 2719 422 2815 jure
445 2745 529 2795 meo
551 2719 733 2817 injus&
759 2721 964 2797 dominium
987 2722 1104 2807 sanlii
1123 2724 1169 2799 N.
1198 2725 1303 2799 trado
1313 2718 1431 2822 ‘atque

161 2821 436 2895 transfundoin
460 2820 529 2906 Dei
544 2822 692 2896 nomine
714 2822 972 2919 perpetualiter
989 2824 1037 2897 ad
1062 2824 1308 2919 pollidendum
1323 2825 1433 2923 stipu-

161 2922 301 2997 latione
316 2919 481 2995 subnixa.
531 2920 690 3015 Signum
716 2921 914 3015 sigeberti,
939 2923 1004 3017 qui
1017 2922 1115 2997 hanc
1130 2926 1364 3013 donationem
1381 2927 1432 3002 fe·

162 3024 238 3110 cit,
264 3020 406 3117 signum
432 3019 653 3110 Hadeberti,
678 3021 918 3116 reginberti,
943 3022 1182 3117 Neginbaldl.
1217 3026 1433 3104 Ruthardus

161 3124 354 3224 praesbiter
379 3118 525 3221 scripsit
692 3151 694 3155 ·
1318 3152 1324 3159 ·

590 3271 601 3287 ·
680 3244 918 3338 DCXCIV·
1267 3347 1272 3355 ¹

407 3372 587 3465 Duratio
621 3373 690 3466 W
682 3371 858 3495 rainheri
884 3370 937 3468 &⁹
963 3372 1195 3485 Ruttrudis.

160 3543 298 3681 Anno
318 3545 430 3620 etiam
455 3566 530 3641 quo
555 3540 662 3641 supra'
689 3536 924 3639 gloriofiffimi
947 3537 1180 3636 imperatoris
1200 3540 1340 3616 domini
1367 3564 1431 3617 rm·

67 3646 75 3657 '
250 3644 311 3716 stri
333 3647 460 3721 Karoli
475 3644 627 3741 magni,
653 3642 760 3719 sansti
773 3642 812 3721 ὅ(
836 3640 987 3716 honoris
1010 3643 1164 3730 muudi,
1190 3666 1259 3739 egr)
1285 3646 1430 3722 WerIn'·

160 3748 251 3820 here
267 3768 332 3843 pro
348 3748 506 3822 remedio
522 3748 657 3824 animae
670 3768 766 3825 meae
779 3744 818 3823 ὅ(
835 3738 1000 3838 conjugis
1017 3765 1110 3819 meae
1126 3746 1320 3821 Ruttrudis
1333 3747 1429 3821 dono

161 3847 211 3921 ad
227 3845 388 3921 faustum
414 3848 546 3923 Christi
567 3864 770 3945 martyrem
793 3846 840 3923 N.
856 3844 929 3921 &u
955 3868 1034 3919 rem
1049 3868 1190 3935 meam,
1216 3849 1308 3923 duos
1328 3850 1429 3923 vide·

159 3946 394 4046 licetjurnal.
412 3948 560 4048 inpage
584 3947 861 4129 Lobodonepffi
888 3946 927 4021 in
940 3946 1121 4045 Edingm,
1147 3973 1170 4026 a
1185 3950 1244 4027 die
1263 3949 1428 4051 praesenti

663 4112 666 4120 .
826 4072 917 4126 ccc
1055 4102 1057 4108 ι
1334 4053 1379 4129 de
