4000 5417
518 488 571 583 aa
619 509 623 516 ·
921 479 1108 561 Canon.
1134 500 1195 559 er
1220 476 1434 560 Curare
1474 540 1478 550 .

520 646 1049 669 ιιι-ιιι--ιι--η

519 702 874 725 mma-nuq-

519 785 587 900 jus
604 810 797 875 extrema
807 786 960 873 ibidem
976 784 1149 873 donatio
1157 784 1257 889 fuit,
1275 786 1424 872 omnes
1443 788 1624 873 inunam
1641 786 1795 875 seriem

521 896 800 1016 disponamus.
829 900 954 989 Nunc
973 900 1026 985 ad
1043 897 1260 1016 privilegia
1276 898 1500 1016 Ludowici
1525 900 1579 985 de
1606 902 1794 1003 Kambre,

523 1010 846 1116 Gozloresleim,
872 1008 1054 1116 Srsrrim,
1081 1008 1309 1102 Biscnbacsr
1338 1034 1617 1100 revertamur.-

1052 1241 1269 1339 XXXVI.

607 1394 807 1513 Largitio
825 1392 1103 1605 Ludomiri'g
1126 1394 1301 1592 Kontrbrn
1320 1454 1331 1498 ,
1349 1390 1402 1493 si
1429 1390 1477 1481 dc
1491 1392 1718 1513 piscatione

1125 1536 1210 1623 por
1229 1536 1267 1595 a.

551 1676 737 1753 nnumine
759 1674 887 1754 sanstae
922 1676 960 1755 &
986 1675 1190 1755 individuae
1220 1671 1421 1753 Trinitatis.
1473 1674 1716 1753 Lunowrcus
1736 1674 1798 1753 di·

578 1779 666 1854 vina
680 1764 827 1855 favente
842 1780 961 1877 gratia
976 1802 1055 1855 rex.
1082 1780 1235 1879 Oportet
1248 1798 1334 1864 nos,
1361 1776 1425 1874 qui
1437 1774 1563 1852 divino
1576 1778 1698 1853 sumus
1712 1799 1797 1855 mu-

526 1902 612 1958 nere
627 1882 899 1978 quodammodo
925 1902 1002 1981 prae
1025 1879 1168 1961 caeteris
1190 1878 1409 1956 mortalibus
1425 1875 1627 1969 sublimati,
1653 1877 1732 1976 ejus
1757 1882 1797 1956 in

524 1984 698 2061 'omnibus
727 2000 859 2083 ‘parere
880 1983 1100 2085 praeceptis,
1128 1978 1231 2079 cujus
1252 1978 1451 2057 clementia
1471 1982 1616 2081 praelati
1650 1980 1795 2069 sumus,

525 2082 759 2187 atquecujus
775 2086 1022 2185 praecellimus
1037 2107 1209 2173 munere,
1235 2084 1319 2159 loca
1341 2082 1470 2179 utique
1492 2082 1557 2159 fibi
1579 2084 1718 2160 sacrata
1731 2106 1798 2184 per

526 2188 721 2291 petitiones
745 2186 912 2265 fidelium
927 2186 1132 2263 nostrorum
1152 2184 1272 2262 nostro
1298 2185 1462 2260 relevare
1471 2182 1661 2282 juvamine
1686 2199 1798 2283 atque

527 2290 643 2384 regali
657 2290 751 2364 tueri
773 2289 982 2385 ‚munimine
999 2343 1018 2378 ,
1036 2300 1154 2387 quum
1168 2290 1205 2363 id
1221 2286 1326 2363 nobis
1341 2285 1380 2363 dr
1394 2288 1443 2362 ad
1467 2289 1660 2362 mortalem
1676 2288 1798 2365 vitam

530 2390 783 2490 temporaliter
808 2390 1101 2487 transigendam,
1129 2390 1237 2468 &ad
1261 2402 1440 2469 aeternam
1453 2387 1604 2465 feliciter
1628 2387 1799 2463 obtinen-

530 2496 616 2569 dam
631 2490 863 2590 profuturum
878 2492 1016 2590 liquido
1030 2492 1225 2568 credimus.
1260 2492 1486 2608 Quapropter
1499 2489 1701 2589 comperiat
1714 2512 1799 2564 om·

529 2594 634 2669 nium
649 2590 815 2668 fidelium
830 2592 1053 2683 nostrorum,
1063 2594 1294 2695 praesentium
1308 2594 1441 2694 serlicet
1454 2592 1492 2669 dc
1505 2592 1729 2681 futurorum,
1744 2592 1798 2667 so·

530 2694 656 2781 lertia,
683 2694 843 2790 qualiter
856 2720 923 2771 nos
938 2696 984 2773 ob
1000 2696 1129 2775 nostrae
1142 2694 1321 2773 mercedis
1346 2712 1587 2791 augmentum
1609 2693 1648 2773 &
1662 2717 1727 2795 pro
1740 2715 1800 2769 re·
1857 2744 1867 2751 -

529 2796 651 2871 medio
678 2796 812 2873 animae
833 2797 974 2873 domini
995 2799 1083 2887 avi,
1111 2822 1154 2875 ac
1169 2799 1269 2877 divae
1289 2797 1477 2874 memoriae
1503 2796 1679 2895 genitoris
1692 2796 1800 2873 nostri

531 2896 765 2977 eonoefflmus
787 2899 969 2997 quasdam
986 2922 1046 2975 res
1071 2901 1305 3001 proprietatis
1318 2898 1448 2979 nostrae
1466 2902 1516 2977 ad
1541 2898 1800 2977 monasterium

535 3000 643 3076 sanai
658 2978 807 3077 Nazarii
823 3055 833 3090 ,
861 3002 960 3099 quod
975 3016 1128 3079 vocatur
1143 3003 1373 3091 Laurcsim,
1387 3002 1452 3077 ubi
1468 3004 1690 3079 venerabilis
1702 3002 1800 3077 abba

502 3186 509 3205 ι
533 3100 651 3178 noster
675 3101 874 3179 Thiotroch
901 3103 1045 3203 praeesse
1065 3104 1283 3193 dinoscitur,
1309 3101 1536 3179 consrsteutes
1552 3105 1593 3176 in
1618 3104 1798 3190 Francia,
1871 3114 1878 3121 ⁴

532 3203 572 3279 in
588 3226 707 3302 pago,
734 3204 796 3301 qui
815 3222 969 3282 vocatur
992 3204 1237 3303 Rincchgowr,
1254 3206 1423 3293 invilla,
1447 3214 1530 3302 quae
1545 3203 1680 3278 dicimr
1697 3202 1801 3278 Cum·

533 3304 612 3393 ben,
640 3304 767 3393 idest,
793 3306 961 3385 mansum
987 3308 1155 3387 servilem
1175 3330 1322 3397 unum,
1349 3308 1471 3405 inquo
1493 3317 1619 3382 manet
1643 3304 1799 3403 quidam

533 3404 659 3483 servus
674 3408 822 3485 nomine
850 3411 1020 3508 Engilrat
1033 3434 1122 3486 cum
1138 3409 1305 3487 uxore&
1317 3410 1422 3499 siliis,
1447 3406 1670 3509 &adipsum
1691 3430 1800 3481 man-

533 3508 612 3587 sum
634 3510 679 3585 de
705 3522 801 3586 terra
823 3514 953 3589 arabili
976 3510 1107 3610 jugera
1120 3538 1202 3587 xxx
1228 3510 1274 3588 de
1288 3512 1403 3611 pratis
1423 3512 1473 3588 ad
1497 3510 1664 3588 carradas
1679 3534 1723 3596 v,
1749 3506 1801 3583 ad

534 3636 627 3711 opus
649 3626 774 3689 autem
800 3612 959 3692 fratrum
975 3614 1078 3713 „qui
1100 3616 1139 3691 in
1157 3614 1328 3716 praedislo
1342 3614 1560 3691 monasterio
1573 3612 1677 3700 sunt,
1701 3610 1801 3687 unde

531 3714 696 3791 habeant
710 3716 845 3815 pabula
860 3717 1009 3795 illorum
1024 3738 1156 3814 greges
1176 3718 1222 3791 de
1248 3717 1381 3818 pratis,
1397 3715 1633 3793 concessrmus
1659 3713 1707 3789 ad
1721 3734 1800 3791 car·

534 3818 643 3893 radas
666 3842 728 3904 xa,
755 3817 844 3894 ficut
865 3816 988 3894 missus
1002 3819 1119 3895 noller
1144 3818 1378 3897 Herlewinus
1391 3818 1485 3894 illud
1505 3816 1747 3915 consignavit,
1761 3812 1800 3891 δι

534 3918 674 3994 limites
688 3919 832 4017 posuit,
859 3923 963 3996 litem
979 3935 1022 3996 ut
1035 3920 1251 3997 discerneret
1266 3924 1393 4010 arvis,
1419 3919 1459 3997 dr
1473 3921 1668 4018 quendam
1678 3920 1804 3993 lacum

532 4020 582 4095 ad
596 4020 855 4121 piscationem,
881 4044 992 4121 quem
1009 4021 1179 4101 Odacher
1194 4024 1326 4103 habuit
1338 4026 1378 4107 iu
1390 4022 1628 4112 beneficium,
1653 4018 1806 4193 &vidam

1034 4151 1037 4157 ·
1702 4141 1727 4193 a
