4000 5417
593 480 653 536 rn
679 475 805 536 anno
830 455 1126 537 Raraunum.
1426 490 1500 566 321

227 677 585 702 W

641 795 645 804 ¹
724 759 987 858 ccxxvii

123 847 127 854 <
221 892 403 989 Duratio
429 893 625 986 Dardanis
655 891 708 990 ὅ
751 891 933 1003 Wigun
956 892 1000 978 in
1028 889 1233 981 Suerieim
1247 885 1373 1002 falia
1396 917 1501 984 aare

289 1008 341 1099 V
332 1007 365 1097 I
382 1006 502 1124 regni
525 1005 673 1094 domini
698 1004 822 1116 nostri
843 1005 992 1092 Karoli
1014 1003 1154 1116 magni
1177 1002 1434 1119 imperatoris

532 1116 696 1234 gloriosi
708 1179 720 1221 ,
749 1116 1004 1207 Gundelando
1028 1119 1181 1250 abbate.

223 1291 325 1427 Nos
340 1285 475 1384 pariter
487 1285 602 1363 Datto
618 1284 658 1364 dt
671 1279 808 1379 conjux
828 1303 914 1360 mea
925 1283 1084 1382 Wrgunt
1098 1311 1166 1387 pro
1192 1284 1263 1363 Dei
1283 1285 1422 1365 intuitu
1435 1286 1499 1364 vel

305 1407 374 1488 pro
395 1390 532 1486 animae
558 1387 690 1465 nostrae
712 1383 902 1474 remedio,
926 1385 987 1463 seu
1000 1411 1066 1486 pro
1087 1404 1226 1470 aeterna
1257 1389 1497 1468 retributione

223 1511 291 1590 per
313 1489 411 1566 hanc
433 1493 618 1568 cartulam
641 1487 851 1565 donationis
870 1485 943 1565 five
968 1487 1228 1571 testamentum
1241 1494 1422 1572 donamus
1447 1490 1498 1571 ad

160 1651 166 1660 .
224 1591 386 1670 undum
405 1595 475 1670 Dei
506 1593 555 1670 N.
580 1605 800 1690 martyrem,
826 1587 893 1687 qui
904 1590 1097 1689 requiescit
1112 1595 1153 1670 in
1171 1616 1320 1694 corpore
1334 1595 1373 1672 in
1398 1617 1498 1695 pago

224 1689 400 1782 Rinenfi,
426 1696 465 1770 in
478 1695 723 1783 monasterio,
749 1692 850 1790 quod
872 1705 1027 1768 vocatur
1051 1694 1306 1785 Lauresham,
1331 1696 1403 1772 hoc
1418 1695 1497 1784 est,

225 1815 307 1868 rem
323 1793 508 1885 nostram,
534 1820 648 1894 quam
664 1793 887 1872 Adalfridus
900 1792 1078 1891 presbiter
1099 1797 1144 1870 de
1171 1796 1336 1895 Ruperto
1349 1819 1499 1894 compa·

226 1897 346 1983 ravit,
371 1895 411 1972 δι
426 1897 532 1974 nobis
545 1923 631 1975 eam
643 1896 816 1985 tradidit,
842 1918 928 1991 quae
943 1892 1011 1970 fita
1025 1893 1077 1970 est
1092 1895 1132 1971 in
1156 1896 1383 1970 Sucinheimrr
1401 1919 1500 1970 mar·

225 1996 318 2085 aaa,
344 1996 466 2089 idest,
493 2000 641 2085 mansos
652 2000 754 2076 duos
767 1997 807 2075 dt
827 1994 963 2093 jurnai.
980 1993 1058 2093 xvjj
1073 1997 1120 2073 de
1135 2010 1232 2074 terra
1246 1997 1433 2085 oraturia,
1459 1994 1500 2072 dt

94 2140 98 2145 -
226 2098 275 2174 de
288 2110 412 2197 prato,
437 2103 536 2177 unde
551 2102 695 2202 possunt
709 2099 835 2194 colligi
846 2095 901 2196 jjjj
918 2096 1081 2176 carradae
1094 2097 1190 2187 feni,
1217 2099 1315 2176 adie
1328 2097 1503 2200 praesente

199 2288 204 2294 ,
226 2199 412 2277 tradimus
428 2216 541 2299 atque
556 2200 878 2287 transfundimus,
903 2195 947 2276 ὅ
960 2204 1336 2300 otaraomaiausquc:
1362 2199 1442 2278 auri
1456 2197 1502 2274 li·

226 2301 333 2376 brarn
344 2301 373 2398 j,
383 2305 526 2398 argenti
549 2306 713 2403 pondera
722 2300 752 2398 jj
768 2301 914 2377 coactus
929 2299 1125 2398 persolvat,
1140 2298 1348 2378 &aridum
1362 2301 1401 2378 in
1421 2323 1504 2376 mo·
1799 2323 1806 2400 j

225 2400 381 2479 nasterio
414 2405 630 2478 maresiam
662 2404 728 2479 sub
751 2401 812 2476 die
836 2399 890 2479 VI
910 2401 1089 2476 kalendas
1122 2400 1294 2499 Augusti.
1346 2401 1504 2499 Signum
1532 2411 1584 2481 27·
1603 2389 1666 2469 Jul.

151 2595 156 2602 ¹
214 2501 401 2582 *Dattonis
415 2503 455 2581 δι
468 2503 647 2602 Wigcunt
669 2501 837 2600 conjugis
850 2499 949 2598 eius,
975 2501 1042 2599 qui
1056 2502 1155 2579 hanc
1176 2502 1413 2584 donationem
1426 2499 1506 2584 fieri

88 2607 91 2610 ’
225 2601 417 2688 &firmari
433 2620 669 2706 rogavemnt.
703 2607 787 2704 Ego
800 2602 954 2684 Samuel
968 2619 1122 2704 rogatus
1143 2601 1275 2710 scripsi.

737 2805 1023 2904 CCXXVIII.

232 2931 395 3028 Noritia
416 2933 462 3018 de
492 2933 533 3018 in
561 2933 734 3040 uifitione
761 2934 979 3046 Huafetde'r
1005 2931 1191 3037 marcha,
1221 2932 1264 3022 in
1289 2956 1370 3050 qua
1388 2928 1505 3038 vilia,

307 3169 315 3177 ·
398 3069 499 3162 quar
543 3041 665 3129 icitur
688 3041 912 3132 Sucinbeim
930 3105 943 3151 ,
961 3045 1041 3157 fita
1061 3047 1146 3161 est„
1161 3045 1214 3146 &i
1234 3047 1338 3141 Rod.

231 3223 286 3356 In
301 3235 399 3291 anno
410 3209 519 3290 XIIII
531 3208 636 3306 regni
649 3208 788 3288 domini
801 3211 910 3289 nostri
925 3211 1160 3312 gloriosrffimi
1179 3212 1415 3314 imperatoris
1428 3212 1507 3290 Ka·
1588 3288 1593 3298 ,

285 3317 357 3395 roli
370 3311 498 3413 magni
513 3366 524 3402 ,
550 3309 698 3412 publico
713 3315 812 3411 apud
824 3318 983 3393 eundem
998 3317 1199 3418 principem
1214 3315 1343 3393 habito
1356 3314 1507 3415 placito,

233 3419 331 3500 faeta
344 3418 397 3495 est
420 3413 602 3515 inquifitio
616 3414 658 3488 dc
681 3413 888 3507 Suenheim,
911 3417 939 3494 sr
959 3440 1026 3520 per
1043 3419 1198 3494 dritium
1219 3417 1366 3492 deberet
1385 3414 1506 3492 adtin-

237 3543 324 3616 gere
341 3521 391 3595 ad
403 3520 534 3597 villam
558 3512 728 3612 Hurscldo
743 3537 929 3608 marcam,
955 3541 1069 3618 quam
1085 3517 1156 3616 ipse
1169 3517 1341 3593 dominus
1356 3515 1396 3591 dc
1412 3513 1508 3589 sem·
1592 3550 1595 3560 =

285 3619 563 3696 rnominandus
588 3617 778 3693 Kaaouus
792 3618 894 3695 dedit
909 3621 948 3693 in
972 3617 1168 3695 elemosina
1182 3619 1230 3692 ad
1244 3628 1387 3714 partem
1397 3613 1511 3708 sancti
1546 3623 1550 3628 '

278 3712 415 3796 azarii.
450 3719 546 3796 Haec
565 3720 647 3797 sunt
661 3718 814 3823 nomina
837 3718 1014 3808 testium,
1040 3716 1157 3817 quiin
1177 3716 1254 3815 ipso
1269 3715 1404 3812 placito
1425 3715 1509 3790 fue·

238 3833 353 3907 runt,
384 3821 650 3897 Hnlnnrucus
682 3843 844 3912 contus,
868 3821 969 3897 iilius
1000 3817 1162 3896 dominae
1180 3816 1310 3896 nostrae
1342 3817 1507 3896 Willisu·

101 4012 120 4026 ῃ
239 3920 383 4009 uindae,
407 3920 574 4010 Widrat,
600 3922 762 4010 Franco,
787 3923 963 4013 Folcrat,
990 3920 1221 4009 Erbiuuard,
1237 3920 1403 4012 Benna,
1428 3917 1510 3998 Fri·
1635 3959 1639 3968 ·

239 4023 368 4105 derich
379 4075 393 4120 ,
419 4021 786 4117 Ernust,lrn1inu1f,
811 4024 1013 4215 Wpltheri,
1038 4022 1236 4123 Heitttmg.
1287 4020 1342 4101 lbi
1361 4013 1512 4140 tuerint

473 4201 482 4223 ,
904 4147 926 4208 8
1345 4136 1462 4204 etlam
