4000 5417
180 688 219 771 in
236 626 333 773 aula
350 686 468 879 repia
494 678 754 815 laudabiliter
783 678 969 817 serviens
981 680 1225 816 diligeretur
1247 687 1301 773 ab
1320 688 1453 819 omnie'

412 796 1448 1105 mttqtntanaattnru

177 800 286 899 bus,
317 794 394 881 ali

178 913 270 1023 regi
287 910 537 997 Graecorum

180 1044 387 1135 quantum
406 1022 608 1138 temporis
656 1044 835 1125 ureret,
863 1022 908 1111 dt
925 1052 1047 1109 amor
1063 1020 1247 1113 alternus
1273 1025 1445 1125 cottidie

179 1137 288 1221 inter
304 1136 451 1221 ambos
466 1162 542 1249 per
559 1157 784 1247 augmenta
793 1132 1010 1241 crescebat,
1039 1159 1248 1249 utrosque
1265 1139 1381 1223 enim
1398 1142 1445 1225 ti-.

180 1274 273 1333 mor
288 1246 520 1334 retardavit
536 1247 582 1333 ὅ(
598 1243 767 1333 offensio
784 1276 829 1333 re
858 1251 896 1335 ia
915 1311 926 1353 ‚
955 1278 1008 1337 ne
1023 1271 1113 1339 tam
1128 1254 1285 1365 gravia·
1297 1274 1448 1339 conve·

179 1360 320 1449 niendi
349 1362 502 1445 inirent
535 1361 783 1463 conamina,
819 1275 889 1447 lged
914 1390 1036 1451 amor
1061 1366 1276 1479 improbus
1305 1368 1449 1466 omnia

179 1475 321 1560 vincit.
377 1472 571 1587 Denique
596 1472 826 1561 cumidem
850 1476 913 1563 vir
936 1478 1132 1590 egregins
1158 1476 1445 1575 menediabt

177 1581 273 1672 liter
293 1586 472 1671 amando
489 1586 711 1687 aestuaret,
738 1613 942 1701 auresque
956 1589 1131 1703 virginis
1146 1618 1219 1703 per
1233 1593 1442 1678 internun-

178 1702 292 1795 cium
309 1726 361 1811 ap
391 1694 516 1783 ellare
533 1726 610 1783 nec
638 1692 934 1813 praesumeret,
966 1699 1182 1788 novilbme
1205 1698 1366 1817 sumpta
1388 1702 1442 1789 de

175 1724 398 1923 semetipld
414 1808 575 1913 fiducia,
593 1798 799 1898 nattumo
818 1832 1009 1927 tempore
1031 1809 1211 1897 latenter
1226 1814 1279 1897 ad
1296 1813 1444 1927 puellm

175 1922 382 2009 tendebat
399 1920 694 2010 habitaculum.
717 2016 718 2019 Ν
750 1924 911 2013 Ibidem
933 1950 1038 2037 ergo
1053 1916 1217 2038 pulsans
1232 1920 1446 2040 clanculo,

178 2032 227 2121 δι
246 2036 403 2120 intrare
419 2033 641 2149 permissus
668 2058 889 2150 tamquam
913 2032 1173 2126 allocuturus
1184 2032 1450 2147 juvenculam

175 2146 230 2233 de
249 2144 378 2259 regali
394 2147 592 2233 mandato
612 2208 623 2249 ,
651 2148 787 2234 statim
805 2144 923 2235 versa
942 2151 1036 2237 vice
1050 2142 1163 2233 solus
1179 2174 1276 2234 cum
1291 2142 1375 2232 sola
1392 2144 1448 2233 se·

175 2261 305 2344 cretis
324 2254 420 2345 usus
446 2256 638 2373 alloquiis
657 2322 668 2363 ‚
696 2259 743 2347 δι
761 2257 873 2345 datis
888 2254 1158 2374 amplexibus
1175 2262 1316 2374 cupito
1332 2256 1448 2347 satis·

161 2370 275 2473 ¹fecit
301 2373 447 2457 amori.
503 2371 696 2478 Interea,
725 2400 823 2459 cum
836 2374 926 2483 jam
953 2375 1314 2488 appropinquante
1350 2367 1445 2463 luce

176 2484 259 2569 diei
276 2511 350 2598 per
374 2480 526 2571 silentia
544 2484 708 2589 nodis,
732 2484 848 2573 unde
873 2506 1077 2590 venerat,
1181 2484 1270 2571 redi
1287 2481 1442 2595 vellet,

177 2594 228 2681 de
248 2594 471 2711 improviso
487 2600 628 2687 nivem
654 2598 758 2685 haut
774 2596 988 2684 modicam
1015 2595 1150 2683 decidi
1179 2602 1444 2713 ecognovit⁸

177 2705 291 2811 &ne
308 2738 381 2822 per
407 2712 577 2823 vestigia
591 2710 748 2824 pedum
772 2708 961 2799 virilium
983 2712 1152 2825 agnitus
1176 2710 1445 2825 perderetur,

177 2818 296 2903 foras
313 2822 431 2903 exire
447 2822 588 2911 timuit
606 2882 617 2921 ,
645 2822 874 2933 ambosque
890 2850 967 2937 pro
987 2818 1235 2909 conscientia
1249 2821 1348 2911 fatti
1371 2854 1441 2911 an·

176 2934 320 3019 xietas
334 2925 450 3029 fimul
467 2930 513 3017 dt
541 2930 721 3015 formido
737 2934 848 3019 intus
864 2962 1079 3037 remanere
1097 2964 1193 3022 com
1222 2933 1313 3040 ulit,
1326 2966 1441 3024 cum·

206 3072 260 3131 ue
276 3045 404 3131 nimio
421 3038 694 3131 sollicitudine
708 3038 974 3147 flutuantes,
1004 3048 1105 3163 quid
1125 2964 1236 3138 fatlo
1254 3078 1360 3165 opus
1376 3080 1440 3138 es·

176 3071 259 3259 let,
275 3154 573 3256 deliberarent,
590 3154 758 3243 tandem
772 3156 1065 3271 elegantiffima
1068 3161 1301 3273 juvencula,
1310 3192 1444 3277 quam

178 3269 378 3361 audacem
402 3268 585 3355 faciebat
613 3295 751 3373 amor,
777 3267 989 3360 confilium
1006 3275 1150 3377 dedit,
1177 3298 1227 3363 ut
1243 3270 1328 3391 ipsa
1352 3277 1445 3387 qui·⁸

179 3382 276 3474 dem
289 3379 413 3498 super
429 3376 471 3465 le
501 3378 739 3467 infidentem
766 3380 961 3487 inclinata
984 3389 1229 3499 exciperet,
1257 3414 1439 3499 eumque

175 3494 392 3608 usquead
421 3492 561 3581 locum
584 3490 696 3581 illius
721 3492 900 3610 hospitio
929 3501 1174 3609 contiguum
1208 3496 1443 3585 anteluca-

175 3636 282 3694 num
298 3608 563 3721 deportaret,
593 3608 734 3721 ibique
754 3637 807 3693 eo
824 3604 1008 3720 depasto
1027 3604 1189 3695 rursum
1258 3610 1462 3719 readem'

173 3718 351 3833 vestigia
373 3721 531 3807 cautius
549 3714 768 3816 observata
784 3718 953 3809 rediret.
1007 3722 1119 3811 Earn
1134 3751 1163 3810 n
1255 3750 1301 3807 m
1317 3726 1376 3809 im

176 3854 300 3923 rator
316 3831 455 3921 divino
472 3894 484 3935 ‚
512 3857 560 3921 ut
576 3833 771 3940 creditur,
786 3854 894 3921 nutu
911 3828 1143 3925 insomnem
1158 3836 1310 3941 duxit,
1339 3837 1378 3923 d·
1395 3868 1439 3949 n·

175 3942 356 4060 coloque
375 3940 619 4063 consurgens
637 3951 886 4153 eminusune
911 3948 962 4039 de
985 3947 1083 4061 aula
1105 3946 1436 4085 prospiciebam
