4000 5417
483 439 558 525 2'33
859 409 1045 518 Canon.
1073 435 1135 496 aa
1161 411 1375 497 Cannas
1424 517 1428 522 .
1473 453 1477 457 -

1372 636 1755 672 Ἦ
1811 653 1818 672 ἱ

482 741 619 806 eaetero
632 742 669 802 te
682 751 756 801 non
771 725 1020 814 intromittas,
1046 723 1196 822 ejusque
1213 722 1327 799 res&
1352 723 1524 822 personas
1538 704 1755 826 inquietare,

483 831 657 906 invadere
672 826 731 904 vel
745 827 946 903 molestare
960 828 1172 903 nullatenus
1196 823 1408 924 praesumas
1450 829 1609 908 «Durum
1620 835 1671 910 est
1687 835 1755 911 tibi

425 954 428 959 ·
483 951 611 1008 contra
636 931 825 1005 stimulum
850 929 1053 1006 calcitrare.

153 1237 158 1247 Ι
278 1143 297 1210 ᾗ
487 1134 613 1310 Hie
650 1132 826 1218 castrum
861 1125 1140 1232 Wnenlteim
1174 1131 1216 1218 in
1241 1102 1327 1246 quo
1351 1153 1451 1218 tune
1487 1131 1625 1249 regale
1649 1161 1754 1250 prae-

603 1245 749 1330 fidium
767 1243 933 1344 fuerat,
963 1244 1061 1329 data
1079 1249 1255 1359 pecunia
1271 1242 1470 1333 videlicet
1497 1277 1595 1333 Lxx
1615 1243 1752 1349 libris,
1790 1291 1796 1312 =

487 1356 877 1468 ecclesiaerestituit,
902 1383 979 1471 pro
997 1383 1081 1469 qua
1096 1356 1235 1470 postea
1251 1353 1433 1466 dejedlus
1451 1360 1611 1442 curiam
1625 1355 1753 1449 santli

487 1469 690 1570 Nazarii‚
718 1471 948 1583 Magontiae
978 1470 1129 1572 litam,
1158 1497 1257 1554 cum
1283 1465 1366 1555 luis
1393 1473 1655 1585 pertinentiis
1671 1471 1751 1556 fra·
1857 1529 1865 1538 ·

486 1585 542 1668 tri
568 1579 650 1668 luo¹
669 1578 897 1696 Helphrico
913 1572 1013 1666 fallo
1031 1583 1216 1695 pignoris
1232 1583 1399 1666 nomine
1427 1580 1601 1685 locavit,
1620 1609 1749 1694 quam

486 1693 734 1782 Diedericus
759 1691 866 1778 filius
892 1695 981 1802 ejus
1010 1720 1107 1778 cum
1132 1693 1383 1806 quibusdam
1408 1717 1543 1810 portae
1579 1693 1751 1779 decimis

454 1801 458 1810 ’
486 1805 620 1892 adhuc
637 1803 841 1894 violenter
852 1804 1023 1892 detinet.
1051 1800 1274 1917 InterJ'ettu
1291 1807 1439 1893 deinde
1449 1809 1614 1894 circiter
1630 1807 1751 1898 unius
1874 1889 1882 1896 .

483 1947 578 2012 anm
787 2028 1043 2119 Folknandus
1061 2029 1224 2146 prioris
1241 2029 1443 2149 succeffiar.
1492 2063 1502 2084 ·

406 2241 417 2324 ².
481 2189 773 2362 Folcnandus
790 2195 1086 2324 expraeposito
1102 2191 1227 2282 saneti
1256 2195 1372 2282 Petri
1389 2199 1431 2281 in
1448 2193 1752 2304 Abarim-nster,

575 2303 752 2388 fratrum
771 2329 917 2392 votiva
943 2309 1165 2393 concordia
1182 2368 1194 2409 ,
1213 2309 1378 2394 abbatia
1396 2306 1602 2400 induitur3
1622 2325 1751 2416 quem

356 2429 362 2436 '
479 2413 753 2514 Baldemarus
790 2419 902 2532 apud
940 2417 1079 2504 sedem
1118 2416 1382 2531 apostolicam
1400 2418 1504 2501 adeo
1529 2413 1751 2501 insatiatus
1828 2444 1830 2447 ·
1941 2421 1944 2426 ’

354 2601 356 2606 ,
479 2529 564 2630 est,
595 2551 645 2614 ut
668 2532 887 2644 utriusque
911 2534 1044 2645 partis
1073 2527 1267 2641 allegatio
1296 2531 1341 2617 dr
1368 2530 1498 2614 totius
1527 2523 1660 2623 caulae
1689 2556 1752 2612 re·

314 2657 319 2664 '
442 2739 445 2751 ⁸
478 2639 672 2728 tradlatio
701 2643 947 2754 lVlaguntino
985 2637 1265 2752 archipraesuli
1300 2643 1501 2728 Heinrico
1530 2636 1753 2754 apostolica
1892 2659 1895 2662 ’

480 2748 727 2840 auetoritate
743 2753 833 2838 dele
863 2777 953 2854 ata,
981 2754 1054 2838 nifi
1074 2751 1362 2840 tumultuariae
1381 2749 1671 2879 appellationis
1690 2781 1751 2836 re-

434 2893 437 2900 ·
479 2866 638 2969 medio,
668 2881 725 2952 ex
743 2783 908 2952 conlllio
926 2895 971 2951 re
1001 2868 1038 2950 is
1068 2864 1265 2969 Cunradi,
1285 2870 1328 2950 in
1346 2867 1564 2980 praelentia
1583 2889 1752 2975 quoque

481 2980 496 3060 i
526 2978 612 3063 lius‘
621 2978 730 3094 apud
758 2893 1027 3089 Kelsterbnla,
1056 3001 1275 3091 praeventa
1290 2975 1423 3062 fuillet
1444 2976 1488 3062 dt
1509 2979 1751 3088 interrupta,

482 3005 731 3288 ffaldpplnaipo
758 3089 897 3177 rursus
910 3088 1183 3178 .increvillent
1223 3119 1391 3177 cornua.
1447 3083 1750 3202 Appellationis

463 3237 464 3244 ¹
513 3231 575 3287 aec
638 3223 672 3288 rt
706 3231 853 3288 orma:

1047 3333 1222 3427 CXLV.
1283 3398 1285 3403 -

457 3475 460 3480 “
484 3475 585 3602 Ego
607 3467 873 3543 Fotcnnsnas
901 3463 1404 3558 Laurishammenfis'abbas,
1431 3468 1571 3568 appello
1595 3466 1750 3566 praesen-

547 3570 655 3670 tiam
671 3570 808 3642 domini
827 3593 931 3744 papae
949 3569 987 3644 δι
1006 3570 1120 3644 invito
1135 3570 1183 3644 ad
1210 3564 1435 3646 audientiam
1449 3568 1528 3667 ejus
1553 3571 1752 3645 Baldema·
1817 3599 1821 3604 ·

482 3691 586 3756 rum,
614 3669 866 3746 Blidinstaden
881 3693 940 3744 em
957 3672 1157 3759 abbatem,
1183 3673 1430 3770 responsurum
1454 3672 1587 3745 ibidem
1603 3672 1641 3746 in
1664 3672 1753 3748 festo

487 3771 597 3846 sandi
639 3769 802 3847 Andreae
848 3774 894 3846 de
934 3773 1197 3869 dilapidatione
1229 3796 1350 3848 rerum
1391 3771 1753 3849 Laureshammensrs

487 3870 722 3958 monasterii,
750 3873 797 3946 de
820 3873 911 3947 falsa
935 3875 1221 3947 calumniatione
1247 3874 1319 3948 suae
1341 3875 1574 3973 depofitionis
1596 3874 1634 3949 δι
1658 3896 1752 3948 meae
1818 3951 1831 3966 ,

353 4053 363 4070 ,
489 3973 755 4060 ordinationiS,
790 3972 835 4046 de
858 3971 1078 4074 subreptitiis
1110 3972 1268 4060 litteris,
1314 3997 1407 4073 quas
1430 4000 1455 4052 a
1485 3978 1634 4054 domino
1658 3997 1753 4072 papa

717 4123 729 4129 -
1637 4097 1701 4178 per
