4000 5417
518 448 593 528 2⁶2
702 431 709 440 ⁸
894 437 1405 522 coronatorem

1613 617 1789 640 ψ

517 749 734 832 monasterio
749 749 966 848 acquisivit,
990 750 1175 838 decimas,
1201 769 1403 847 omnesque
1414 747 1572 847 justitias
1585 779 1672 832 curn
1686 746 1791 836 omni

517 855 730 952 integritate
743 852 958 930 stabilimus.
1011 853 1107 929 Haec
1120 852 1270 940 omnia,
1299 850 1361 926 feu
1375 849 1624 954 proprietariae
1637 858 1789 938 feuhae·

518 957 706 1035 reditariae
730 955 950 1032 conditionis
974 952 1069 1043 svnt,
1095 954 1249 1053 praefato
1263 953 1480 1032 monasterio
1496 957 1604 1035 fandi
1629 961 1790 1038 Bartho-

518 1061 645 1138 lomaei
660 1071 771 1158 atque
784 1057 961 1134 fratribus
985 1058 1065 1133 Deo
1078 1056 1216 1132 ibidem
1230 1056 1497 1136 famulantibus
1513 1076 1688 1161 perpetuo
1707 1060 1789 1160 jure

519 1164 707 1250 tenenda,
734 1159 964 1260 polfrdenda,
992 1159 1130 1234 utenda
1162 1159 1345 1235 tradimus
1367 1173 1481 1258 atque
1514 1163 1789 1255 confirmamus,

519 1264 816 1367 inposterumque
838 1275 921 1338 tum
937 1261 976 1337 in
989 1259 1130 1354 finili,
1156 1269 1238 1344 tum
1259 1261 1344 1338 aliis
1353 1259 1458 1358 justis
1473 1265 1594 1340 modis
1619 1267 1790 1344 utilitati·

518 1367 591 1447 bus
604 1389 733 1442 eorum
758 1367 838 1440 Deo
852 1364 1010 1464 propitio
1023 1385 1088 1463 pro
1108 1361 1202 1462 polfe
1217 1361 1403 1441 consulere
1425 1365 1723 1446 deliberavimus.
1748 1367 1790 1448 Si

520 1470 607 1570 quis
629 1491 716 1545 vero
740 1467 786 1544 de
810 1467 955 1542 familia
979 1466 1041 1541 seu
1074 1465 1214 1541 colonis
1243 1466 1403 1546 ecclesiae
1435 1467 1565 1545 nostrae
1598 1469 1791 1570 quippiam

520 1568 774 1658 haereditatis,
799 1566 1014 1668 polfellionis
1047 1567 1119 1644 five
1145 1588 1269 1658 rerum
1295 1567 1470 1659 suarum,
1503 1571 1698 1647 mobilium
1723 1583 1789 1650 aut

520 1673 793 1757 immobilium,
820 1693 886 1769 pro
899 1669 1060 1746 remedio
1075 1670 1211 1748 animae
1227 1670 1299 1748 fuae
1313 1673 1434 1747 eidem
1451 1674 1532 1748 loco
1546 1673 1708 1750 conferre
1721 1698 1788 1751 vo·

519 1776 668 1862 luerit,
702 1773 740 1848 id
761 1793 829 1845 nos
854 1786 1003 1867 gratum
1035 1772 1075 1848 dt
1100 1787 1224 1848 ratum
1246 1787 1356 1870 atque
1379 1772 1640 1874 optatilfrmum
1672 1775 1788 1852 habe-

520 1898 632 1964 mus,
659 1897 703 1949 ac
724 1873 910 1972 praesentis
937 1873 1058 1972 scripti
1083 1875 1298 1952 austoritate
1320 1877 1556 1968 roboramus,
1582 1877 1791 1974 onustisque
1833 1878 1845 1894 ‘
1931 1915 1937 1924 ·

519 1977 615 2077 saepe
629 1976 736 2052 ditias
750 1974 911 2052 ecclesiae
936 1979 1033 2054 bona
1050 1975 1269 2054 facientibus
1286 1979 1570 2056 misericordiam
1598 1978 1732 2056 Christi
1746 2001 1790 2056 ac

518 2080 639 2156 vitam
654 2090 860 2165 aeternam,
886 2079 1189 2178 impugnantibus
1210 2094 1463 2171 autemeam,
1488 2082 1528 2159 dt
1550 2081 1633 2160 haec
1657 2081 1792 2158 statuta

520 2179 641 2258 nostra
665 2178 864 2274 infringere
890 2197 957 2256 aut
975 2179 1110 2259 callare
1136 2183 1379 2272 conantibus,
1407 2183 1523 2259 finon
1553 2182 1792 2283 refipuerint,

466 2292 470 2299 ’
520 2282 697 2360 offensam
723 2282 794 2357 Dei
817 2282 1096 2382 fantiummque
1122 2283 1227 2379 ejus,
1253 2307 1297 2359 ac
1319 2299 1480 2359 mortem
1501 2295 1718 2380 perpetuam
1743 2309 1792 2360 err

465 2423 470 2430 ·
521 2383 802 2484 apostolicorum
825 2385 1104 2482 privilegiorum
1121 2385 1323 2460 nostrorum
1349 2383 1644 2458 interminatione
1657 2385 1791 2482 impre-

521 2508 670 2580 camur3
683 2484 918 2562 fucoelforum
933 2489 1049 2563 etiam
1063 2487 1264 2562 nostrorum
1284 2484 1577 2562 benevolentiam
1593 2484 1632 2559 in
1649 2484 1791 2562 Christo

522 2587 563 2666 dt
576 2610 702 2664 coram
727 2588 869 2665 Christo
890 2589 1111 2688 optestamur
1136 2586 1175 2663 δι
1198 2586 1454 2674 obsecramus,
1481 2584 1656 2682 quatinus
1677 2587 1716 2661 id
1737 2587 1749 2661 i
1774 2627 1791 2646 ·

522 2690 603 2767 sum
618 2689 876 2768 monasterium
897 2705 1048 2791 paterno
1071 2686 1201 2764 affeuu
1215 2686 1262 2765 ab
1288 2689 1391 2762 omni
1411 2687 1558 2763 incursu
1571 2687 1610 2764 dt
1625 2611 1794 2788 obprelll-

522 2815 593 2869 one
608 2792 822 2882 defendant,
848 2803 1142 2880 manuteneant,
1167 2789 1405 2888 &quantum
1424 2791 1621 2888 potuerint,
1646 2812 1793 2890 promo·

521 2909 654 2985 vetant,
681 2919 724 2970 ac
740 2897 830 2972 data
851 2894 924 2971 frve
948 2892 1145 2970 constituta
1159 2891 1278 2967 nostra
1302 2892 1349 2968 ab
1365 2891 1492 2987 aliquo
1517 2892 1703 2981 convelli,
1730 2903 1795 2968 aut

520 2997 732 3076 labefadari
757 3022 831 3074 non
855 2997 1098 3096 permittant,
1131 2994 1308 3091 quatinus
1340 2993 1387 3068 ab
1414 2993 1582 3067 omnium
1616 2995 1794 3070 bonorum

390 3163 396 3172 ,
517 3101 694 3197 largitore
718 3101 798 3176 Deo
813 3100 1010 3198 proemium
1035 3099 1124 3174 vitae
1138 3109 1288 3174 aeternae
1312 3095 1526 3193 percipiant.
1580 3095 1629 3168 Et
1643 3109 1686 3170 ut
1710 3095 1794 3170 haec

518 3201 648 3282 nostrae
669 3199 939 3278 constitutionis
963 3223 1007 3274 ac
1033 3197 1242 3274 donationis
1268 3192 1658 3273 austoritastestabilis
1683 3195 1721 3271 dt
1737 3195 1794 3270 in·

519 3304 693 3381 convulsa
704 3317 881 3404 perpetuo
895 3311 1127 3401 permaneat,
1153 3300 1214 3373 his
1228 3321 1313 3374 earn
1338 3298 1468 3374 litteris
1481 3295 1681 3392 confignari
1698 3319 1793 3394 prae-

420 3450 426 3461 ,
520 3409 713 3508 cepimus,
746 3404 786 3482 dt
808 3404 916 3501 sigilli
941 3401 1051 3479 nostri
1084 3397 1312 3500 impreliione
1337 3398 1601 3478 roboravimus.
1654 3396 1794 3475 Atium

336 3551 371 3623 Μ
398 3549 475 3636 Aug
521 3507 561 3585 in
583 3508 659 3608 ipsa
682 3505 833 3582 ecclelia
858 3505 1108 3598 Niwrnburg.
1136 3557 1146 3577 .
1175 3559 1185 3577 .
1211 3503 1391 3578 kalendas
1417 3499 1662 3602 Septembris,
1696 3521 1793 3576 anno

372 3597 484 3723 {1⁶ss
523 3607 732 3688 Dominicae
756 3607 1018 3683 incarnationis
1044 3604 1240 3694 llllCLXV,
1265 3605 1509 3682 indictione..
1528 3659 1537 3679 .
1555 3601 1697 3702 imperii
1714 3597 1794 3697 glo-

359 3708 366 3724 “
525 3710 699 3789 riofrlfrmi
731 3707 965 3808 imperatoris
989 3707 1162 3784 Friderici
1196 3731 1292 3782 anno
1326 3707 1452 3795 Xllll,
1476 3705 1618 3781 domini
1647 3725 1794 3804 quoque

524 3811 693 3896 Heinrici
708 3811 855 3892 abbatis
869 3833 967 3891 anno
985 3809 1106 3899 xtffl,
1130 3809 1285 3890 feliciter
1298 3807 1338 3888 in
1362 3806 1505 3890 Christo
1520 3829 1642 3888 amen.

1595 4089 1738 4185 Mona·
