4000 5417
420 430 526 511 Sne.
554 426 616 505 IX
641 428 893 507 Luoovrco
919 426 1085 507 Gerre.
1113 450 1261 509 naon.
1430 431 1483 534 ’π

1312 651 1484 671 m

213 736 474 813 monasterium
490 735 645 831 pertinet
659 732 695 809 in
710 734 799 811 villa
826 734 885 809 vel
908 756 1034 811 marca
1055 788 1066 822 ,
1091 758 1177 834 quae
1191 734 1324 810 dicitur
1347 736 1482 810 Baldo·

210 840 284 925 nnis,
311 837 351 913 dt
367 839 405 911 in
418 834 565 910 censum
579 836 684 911 annis
698 834 846 933 singulis
868 836 906 911 in
929 835 1018 911 sesto
1034 837 1150 915 ‘santii
1170 837 1323 912 Martini
1348 837 1480 914 solidos

213 951 290 1013 tres
303 939 461 1019 fratrum
474 936 554 1013 usui
568 938 824 1037 persolvamus.
850 936 1186 1042 Posiobitumvere
1200 938 1363 1014 nostrum
1371 954 1480 1016 utne·

214 1063 288 1135 que
314 1053 528 1117 memoratae
540 1062 625 1129 res,
651 1035 846 1138 utsupra,
871 1043 1003 1131 omnia,
1028 1036 1244 1133 diiambo,
1269 1054 1416 1141 tempore
1440 1035 1483 1120 ὅ
1622 1130 1628 1143 .

214 1142 293 1229 dic,
319 1164 384 1240 quo
397 1138 524 1241 supra.
595 1200 598 1205 .
690 1226 696 1233 ,

759 1272 940 1369 XXXV

285 1390 301 1431 ²'
425 1406 633 1523 Prestariu
648 1416 670 1463 ¹·
688 1409 856 1523 ejusdem
883 1408 1076 1524 Anssridi
1096 1411 1261 1501 comitis.
1494 1432 1695 1503 ‘Deteret

216 1575 430 1715 Diligendo
445 1575 484 1653 in
509 1574 656 1653 Christo¹
666 1574 744 1649 filio
757 1572 887 1653 sanstae
903 1574 970 1651 Dei
985 1578 1144 1655 ecclefiae
1164 1522 1691 1678 Ausrn1no,ve⁰‘³⁸‡¹}²¹²²

297 1679 458 1754 nerando
470 1700 617 1754 comrnr
631 1698 838 1764 ,oncrum
863 1676 1108 1756 Tlriotrochus
1127 1681 1246 1775 gratia
1265 1681 1334 1757 Dei
1356 1680 1479 1755 humi·

213 1779 262 1854 lis
277 1780 404 1865 abbas.
430 1779 670 1855 Honorabilis
695 1792 765 1853 tua
783 1776 856 1852 suit
876 1780 1001 1876 petitio
1028 1778 1249 1855 &fratrum
1280 1780 1481 1857 nostrorum

213 1880 381 1955 decrevit
395 1879 668 1970 benevolenti-a,
695 1890 808 1956 utres
822 1880 1054 1978 proprietatis
1069 1891 1144 1956 tuae
1158 1880 1196 1953 in
1212 1880 1401 1975 Galaesum,
1416 1904 1480 1979 pro
1511 1911 1519 1930 ·

215 1978 413 2057 elemofina
438 1996 501 2058 tua
526 1980 811 2059 &dominorum
828 1998 961 2077 regum
985 1980 1189 2055 Lorunurr
1210 1979 1249 2057 dt
1274 1981 1481 2057 Luuowrcr

214 2107 240 2159 a
255 2095 292 2158 te
306 2082 424 2158 laneo
445 2084 601 2159 Nazario
622 2084 802 2171 traditas,
828 2080 1010 2179 fimulque
1023 2105 1082 2157 res
1102 2082 1239 2157 nostras
1253 2080 1301 2158 ad
1329 2082 1486 2155 Gaonito

211 2182 455 2285 pertinentes,
481 2207 559 2258 rem
577 2208 721 2282 quoque
738 2182 974 2284 proprietatis
989 2197 1064 2259 tuae
1079 2182 1118 2257 in
1133 2184 1222 2260 villa
1245 2184 1375 2279 Sodoja
1386 2182 1484 2259 fimi·

210 2286 295 2363 liter
309 2285 484 2361 traditam
500 2308 586 2361 cum
599 2286 711 2363 rebus
725 2284 833 2361 santii
854 2284 1057 2360 Nazariiin
1071 2285 1162 2361 villa
1186 2284 1375 2373 Baldaoris,
1398 2307 1481 2382 quae

212 2388 251 2461 in
270 2400 425 2484 utroque
447 2386 666 2469 ,testamento
687 2401 752 2465 tuo
776 2384 923 2486 plenius
949 2384 1182 2460 continentur
1194 2384 1386 2489 inscripta,
1414 2386 1481 2465 tibi

213 2488 252 2565 ἃ
266 2488 340 2563 filio
355 2502 418 2563 tuo
444 2489 716 2569 Hrrrrvvnnno
740 2489 789 2565 ad
803 2488 881 2563 dies
907 2487 996 2565 vitae
1012 2486 1138 2565 vestrae
1153 2484 1479 2576 beneficiaremus,

209 2590 328 2687 quod,
353 2590 441 2687 qnia
466 2592 681 2668 rationabile
702 2591 801 2680 suit,
824 2588 1073 2690 perfecimus,
1099 2586 1248 2666 &hanc
1266 2588 1479 2690 prestariam

212 2692 319 2768 vobis
345 2692 517 2768 conscribi
535 2692 726 2789 jussimus,
752 2706 796 2769 ut
815 2692 993 2790 quamdiu
1006 2690 1194 2779 vixeritis,
1220 2706 1394 2789 utrasque
1420 2714 1478 2769 res

212 2795 352 2887 absque
367 2794 469 2864 omni
479 2794 725 2887 inquietudine
749 2792 959 2869 teneatis&
974 2793 1171 2881 excolatis,
1187 2790 1226 2869 ὅ(
1239 2792 1331 2869 nihil
1345 2794 1478 2869 exinde
1558 2843 1565 2857 =

212 2895 381 2967 minuere
396 2901 462 2965 aut
483 2890 727 2978 deteriorare,
755 2893 816 2966 sed
835 2894 958 2990 potius
973 2908 1212 2989 augmentare
1233 2891 1271 2970 &
1285 2896 1488 2998 meliorare.

212 2997 252 3070 in
278 2992 450 3068 omnibus
473 2990 671 3080 studeatis,
697 2990 736 3068 dt
760 2990 910 3089 lingulis
923 2996 1029 3081 annis
1053 2995 1100 3070 ob
1124 2993 1415 3074 recordationem
1438 2995 1478 3073 in

212 3095 302 3171 sesto
323 3093 431 3168 sandi
455 3094 608 3169 Martini
629 3094 676 3167 de
699 3094 815 3191 primo
841 3096 1013 3171 beneficio
1036 3122 1088 3171 xr.
1113 3100 1213 3173 coria
1246 3098 1404 3187 bovina,
1430 3095 1476 3175 de

214 3196 370 3273 secundo
385 3212 459 3272 tres
472 3195 604 3270 solidos
613 3193 752 3269 solvere
765 3220 839 3302 non
853 3198 1067 3293 neglegatis,
1074 3198 1149 3299 post
1156 3199 1297 3275 obitum
1314 3222 1400 3275 vero
1414 3222 1477 3273 ve·

213 3299 325 3377 smrm
338 3312 505 3395 unaeque
527 3318 587 3370 res
612 3296 814 3373 melioratae
829 3298 867 3375 δι
894 3300 1008 3385 auslae
1023 3300 1074 3389 acl
1098 3299 1260 3376 santium
1275 3299 1480 3378 Nazarium

213 3396 456 3479 revertantur.
485 3398 590 3471 Dura
598 3400 772 3501 prestaria
786 3400 838 3473 die
853 3396 895 3477 ὅ
910 3400 1081 3501 tempore,
1106 3422 1169 3497 qvo
1177 3399 1305 3500 supro.

208 3584 510 3779 Donationes
536 3626 640 3686 vero
668 3599 710 3683 in
737 3598 949 3702 Gavrniiu,
977 3598 1208 3711 &quaqua
1242 3594 1409 3688 versum
1435 3598 1479 3685 il·

319 3713 388 3799 luc
407 3706 715 3827 aspicientibus,
776 3714 845 3797 uia
863 3706 936 3799 sub
955 3709 1126 3817 diversrs
1143 3708 1309 3827 regibus
1326 3713 1371 3801 br
1387 3712 1478 3800 adi·

203 3824 340 3919 'verfis
363 3824 451 3913 'Dei
466 3821 653 3913 fidelibus
681 3740 846 3913 cossatae
855 3820 986 3928 sunt,
1017 3826 1184 3911 interim
1210 3823 1477 3927 transcribere

205 3932 537 4059 supersedimus,
563 3960 613 4029 ut
629 3938 891 4057 postmodum
906 3934 980 4032 sub
998 3965 1100 4055 rege
1127 3938 1323 4032 Conrado
1339 3941 1393 4073 ll,
1410 3968 1478 4029 eu·
