4000 5417
488 434 598 513 Sne.
625 426 698 506 ΧΗ
722 426 1008 507 Fumnnrco
1033 429 1050 506 l
1077 449 1185 506 rme.
1427 444 1500 515 261

768 595 1507 633 ·-··-··-····-·············'···-····e

230 745 436 822 nostrorum
449 737 601 834 vestigia
615 735 884 837 prosequentes,
909 736 949 812 in
964 737 1243 816 tabernaculum
1266 735 1415 812 Domini
1436 739 1507 814 ali·

230 849 381 944 quidex
397 843 515 922 nostro
529 840 740 916 ministrare.
776 840 957 930 Quocirca
972 839 1109 922 cunltis
1130 839 1201 916 Dei
1222 837 1407 927 fidelibus,
1423 855 1503 918 tam

229 949 364 1025 bituris
380 967 496 1043 quam
520 942 779 1041 praesentibus,
805 957 935 1020 notum
950 941 1028 1018 fore
1043 943 1233 1041 cupimus,
1259 941 1420 1038 qualiter
1432 965 1502 1018 nos

229 1048 368 1126 divinae
381 1046 559 1123 mercedis
573 1043 711 1120 intuitu
725 1045 961 1120 ecclefiamin
974 1043 1203 1132 Niwrnburk,
1219 1067 1241 1119 a
1256 1043 1417 1141 quodam
1433 1045 1503 1120 Dei

230 1151 373 1226 famulo
388 1146 597 1224 Anshelmo
623 1147 713 1222 olim
726 1145 940 1236 fundatam,
967 1145 1029 1222 sed
1043 1146 1109 1222 diu
1125 1146 1347 1234 desolatam,
1364 1145 1514 1225 instaum

229 1252 345 1330 raudo
370 1249 680 1337 reformavimus,
714 1261 827 1348 atque
846 1248 983 1324 ibidem
1004 1247 1191 1344 religiosos
1215 1247 1348 1326 fratres
1373 1270 1503 1326 mona·

228 1352 329 1430 sticae
348 1351 569 1452 professionis
587 1404 598 1441 ,
624 1352 686 1430 vel
700 1373 746 1425 ex
769 1349 899 1427 nostrae
924 1350 1218 1446 congregationis
1239 1371 1416 1451 corpore,
1441 1351 1504 1430 vel

231 1457 382 1531 aliunde
397 1454 623 1556 assumptos,
650 1452 689 1529 in
704 1451 815 1528 unius
829 1466 956 1529 tamen
982 1452 1163 1530 societatis
1179 1452 1502 1532 &communionis

229 1557 465 1634 concordiam
480 1559 644 1633 adunare
658 1553 902 1632 decrevimus.
952 1556 1119 1642 Quorum
1132 1579 1200 1632 nos
1225 1554 1395 1653 quieti&
1419 1556 1502 1632 usui

230 1659 454 1760 inpostemm
487 1658 679 1756 providere
699 1655 915 1754 cupientes,
939 1667 1072 1754 praeter
1097 1680 1167 1746 ea,
1193 1680 1276 1755 quae
1297 1683 1320 1734 a
1345 1657 1500 1755 praelato

228 1759 441 1836 Anshelmo
454 1759 576 1835 eidem
591 1759 809 1835 monasterio
823 1759 961 1833 collata
976 1755 1082 1843 sunt,
1107 1758 1146 1833 dt
1162 1759 1200 1832 in
1213 1757 1379 1832 confiniis
1403 1758 1500 1853 ejus·

228 1861 317 1963 dem
333 1862 478 1940 cellulae
494 1859 581 1949 sita,
607 1874 708 1937 certa
723 1859 1032 1936 determinatione
1049 1857 1208 1934 dimensa
1224 1859 1323 1944 sunt,
1338 1882 1401 1946 ea,
1417 1882 1500 1955 quae

229 1987 298 2040 nos
319 1960 436 2039 nostro
450 1962 655 2060 conquisitu
679 1962 719 2040 dt
739 1960 916 2039 industria
931 1959 971 2034 in
983 1957 1225 2058 posseffionem
1250 1957 1359 2057 ipsius
1374 1983 1502 2036 mona-

228 2063 324 2140 sterii
339 2064 592 2152 contulimus,
619 2065 751 2140 litteris
765 2074 967 2149 annotare,
993 2059 1287 2159 posterorumque
1309 2062 1500 2138 memoriae

228 2165 487 2241 commendare
501 2165 655 2262 dignum
677 2167 867 2242 duximus.
921 2162 1104 2242 Videlicet
1124 2163 1309 2263 praedium
1324 2163 1363 2237 in
1389 2163 1500 2238 Βίωνι·

227 2265 332 2366 arslot
359 2267 616 2356 cumsorasto,
641 2269 760 2364 agris,
775 2263 944 2366 pratis&
970 2265 1142 2341 omnibus
1167 2263 1391 2364 pertinentiis
1406 2264 1497 2354 suis,

226 2367 324 2464 quod
337 2366 384 2441 ab
398 2365 589 2452 haeredum
603 2369 821 2467 potestativa
834 2389 951 2443 manu
964 2366 1052 2443 dato
1073 2367 1190 2467 pretio
1210 2365 1374 2460 legitime
1395 2388 1496 2442 com·

223 2468 448 2566 paravimus.
502 2469 683 2546 Undecim
697 2492 848 2567 quoque
856 2466 1021 2564 jurnales
1034 2468 1270 2568 proprietatis
1285 2467 1323 2542 in
1347 2467 1495 2562 Siggrrr·

223 2569 335 2658 seim,
361 2585 472 2668 atque
493 2571 605 2648 unius
625 2572 738 2650 hubae
759 2571 1072 2660 decimationem,
1099 2569 1311 2648 aCrastone
1331 2565 1496 2666 dapifero

222 2669 343 2746 nostro
363 2671 566 2749 beneficiali
590 2673 811 2751 concambio
837 2673 1080 2774 redemptam.
1132 2673 1228 2750 Item
1248 2673 1287 2747 in
1315 2669 1496 2746 Wrnhaim

224 2787 384 2868 quatuor
397 2774 544 2862 hubas,
570 2799 656 2851 cum
677 2776 852 2852 omnibus
874 2775 1129 2874 pensionibus,
1156 2774 1334 2851 reditibus
1357 2797 1400 2848 ac
1415 2770 1496 2870 jus-

225 2873 318 2944 titiis
332 2873 380 2944 ad
392 2893 461 2943 nos
477 2873 751 2966 aspicientibus.
802 2876 846 2949 ln
861 2876 1078 2952 Gornessrrr'm
1100 2901 1245 2974 quoque
1260 2875 1496 2971 hubamcum

226 2969 330 3046 omni
345 2969 575 3064 integritate,
596 2972 635 3046 u
649 2973 834 3059 decimas,
860 2996 946 3068 quae
961 2977 1150 3053 solvrmtur
1164 2979 1210 3054 de
1224 2975 1328 3053 curia
1342 2975 1380 3054 δι
1396 2977 1496 3073 agris

119 3105 124 3110 ’
225 3071 385 3148 fratrum
399 3071 438 3146 in
452 3069 589 3165 Hagen.
641 3071 685 3146 ln
697 3071 774 3145 Sal
800 3073 925 3149 onheim
938 3077 1054 3154 etiam
1069 3083 1195 3156 minore
1209 3079 1362 3168 hubam,
1379 3099 1495 3176 quam

224 3173 279 3250 eis
295 3172 529 3252 haereditario
538 3169 620 3268 jure
647 3173 755 3267 acqui
770 3174 918 3254 ivimus.
970 3181 1015 3256 ln
1039 3179 1267 3281 Suhfflnhu'm
1289 3186 1416 3281 majore
1440 3182 1495 3259 vi·

223 3299 335 3352 neam
355 3274 589 3376 proprietatis
609 3274 658 3348 ad
682 3274 882 3387 luminaria
905 3279 1068 3358 ecclesiae
1091 3285 1349 3382 pertinentem.
1401 3283 1498 3358 Item

224 3377 265 3453 in
297 3377 513 3455 Niwenluim
552 3378 647 3452 duas
671 3396 801 3451 vineas
822 3383 1080 3478 proprietatis,
1112 3386 1284 3462 videlicet
1314 3382 1427 3460 lucta
1458 3379 1498 3458 δι

222 3478 468 3555 Lamentata.
519 3477 724 3572 Dimidium
750 3499 898 3575 quoque
919 3483 1064 3559 hubam
1090 3483 1337 3562 haereditariae
1358 3480 1497 3584 pensio·

222 3581 310 3667 nis,
334 3582 496 3680 itemque
527 3579 799 3680 possessionem,
833 3602 920 3677 quae
952 3597 1107 3660 vocatur
1138 3587 1341 3680 Korngrld,
1368 3605 1498 3660 aream

222 3681 355 3768 etiam,
380 3683 420 3758 id
435 3682 511 3770 est,
537 3684 703 3785 Hoorslot.
730 3681 820 3758 Tres
837 3682 983 3781 insuper
998 3684 1144 3773 vineas,
1165 3687 1337 3762 videlicet
1357 3686 1496 3774 Snowr,

228 3781 442 3871 Strinrr'eth,
466 3784 749 3878 Hagrnbrunom
775 3807 870 3882 quas
883 3783 938 3860 eis
959 3811 1007 3862 ex
1023 3786 1197 3864 consensu
1209 3787 1370 3864 fratrum
1387 3785 1497 3865 santii

219 3882 453 3980 Stephaniin
468 3886 681 3964 monasterio
703 3884 856 3986 Capella
872 3883 956 3982 jure
981 3887 1270 3966 haereditario&
1285 3887 1347 3966 sub
1372 3911 1497 3966 annua

219 3984 391 4084 pensione
406 3987 623 4066 locavimus.
674 3987 814 4067 Rerum
828 4011 996 4170 qpqque,
1019 4012 1116 4093 quas
1128 3989 1359 4090 Ansbelmus
1374 3991 1497 4070 eidem

934 4118 958 4192 3
1121 4157 1125 4162 -
1309 4118 1441 4176 mona·
