4000 5417
955 390 1317 477 Taaurrrouns

1004 702 1272 814 CCLXXX.

765 826 945 919 Donatio
969 830 1190 922 Hildiberti
1206 830 1248 919 in
1266 834 1397 922 eodem
1415 830 1524 921 villa.

514 990 711 1135 Ejusdem
725 995 896 1095 principis
910 1010 1075 1098 tempore
1088 1022 1158 1095 ego
1183 999 1416 1077 Hildibertus
1430 1000 1470 1076 in
1490 1000 1621 1078 Christi
1634 999 1783 1079 nomine

593 1098 688 1173 dono
702 1121 766 1195 pro
783 1098 945 1173 remedio
967 1101 1103 1179 animae
1118 1124 1212 1176 meae
1227 1102 1275 1177 ad
1300 1102 1462 1176 sanetum
1487 1104 1557 1179 Dei
1577 1116 1782 1200 martyrem

516 1198 564 1275 N.
585 1199 650 1296 qui
675 1199 865 1297 requiescit
889 1200 1096 1301 incorpore
1117 1202 1156 1278 in
1181 1202 1398 1279 monasterio
1421 1200 1678 1293 Lauresham,
1702 1228 1784 1282 rem

375 1370 379 1375 .
515 1323 640 1377 meam
655 1299 694 1375 in
705 1324 798 1399 pago
814 1299 1046 1401 Lebedoninsc
1058 1357 1070 1393 ,
1094 1304 1240 1380 invilla
1264 1304 1537 1381 Haatscutslreim
1560 1306 1734 1403 vineam]
1758 1331 1786 1385 a

516 1403 576 1477 die
590 1401 763 1501 praesente
777 1402 884 1479 trado
910 1416 1020 1501 atque
1036 1406 1257 1482 transfundo
1271 1407 1530 1506 perpetualiter
1549 1411 1599 1485 ad
1610 1408 1784 1507 poffiden·
1870 1434 1881 1442 ·

515 1503 632 1593 dum,
658 1517 700 1579 ut
713 1503 814 1579 onmi
835 1520 998 1603 tempore
1025 1508 1074 1586 ad
1089 1507 1208 1606 ipsum
1228 1508 1389 1588 saattum
1405 1510 1530 1587 lo'cum
1554 1510 1719 1611 proficiat
1743 1512 1786 1589 in

516 1618 758 1702 augmentum
773 1604 999 1703 stipulatione
1015 1606 1181 1687 subnixa.
1233 1608 1373 1686 Aecum
1385 1610 1424 1685 in
1445 1611 1663 1690 monasterio
1675 1611 1785 1689 'Lau-

169 1770 171 1783 ,
334 1718 387 1790 23.
402 1701 476 1788 blai-
515 1709 649 1782 rethom
662 1706 699 1781 X
713 1705 893 1780 kalendas
907 1707 1018 1805 Junii
1069 1710 1229 1807 Signum
1248 1712 1503 1804 Hildiberath,
1528 1713 1592 1812 qui
1605 1713 1701 1791 hanc
1717 1716 1785 1791 do-

512 1808 703 1887 nationem
724 1806 801 1881 lieri
816 1808 980 1903 rogavit,
1008 1810 1203 1901 Hildifrlt‚
1229 1815 1441 1906 Lantbald‚
1468 1814 1650 1897 Nanther.
1701 1816 1786 1915 Ego

512 1934 548 1989 n.
563 1908 716 1989 Samuel
729 1920 882 2007 rogatus
897 1908 1129 2015 scriplrhanc
1154 1916 1408 2017 donationem.

363 2186 368 2197 ι
502 2245 883 2381 ’Ποῃιζῐὶοβὶξῑιςιὶη
905 2248 946 2380 in
962 2116 1315 2342 Hgfflm
1331 2280 1433 2379 oripo
1448 2252 1579 2344 XIII
1584 2254 1704 2365 regni
1715 2258 1782 2342 do

443 2480 450 2493 ·
542 2390 637 2449 mma
653 2362 822 2477 Pappoua
837 2390 961 2475 regas,
981 2365 1203 2479 Rutgango
1220 2362 1509 2485 archieprscopo
1529 2363 1581 2460 δέ
1600 2366 1750 2449 abbate.

369 2632 374 2642 Ι
515 2538 619 2676 Ego
640 2528 679 2604 in
710 2528 779 2604 Dei
799 2529 1178 2627 nomine-sigewinus
1199 2527 1238 2607 dt
1262 2552 1328 2629 pro
1353 2528 1487 2607 animae
1501 2550 1597 2607 meae
1618 2526 1784 2611 remedio

595 2632 655 2708 seu
670 2629 708 2709 dt
723 2653 789 2731 pro
802 2644 941 2709 aeterna
955 2632 1193 2708 retributione
1209 2654 1273 2731 per
1297 2631 1396 2731 hane
1414 2645 1559 2707 cartam
1577 2630 1785 2707 testamenti

518 2734 618 2809 dono
635 2735 683 2811 ad
697 2733 886 2809 ecclesram
906 2733 1099 2833 peculiaris
1122 2734 1268 2833 patroni
1292 2733 1369 2809 mei
1384 2731 1494 2809 unffi
1513 2733 1664 2810 Nazarii
1685 2754 1785 2810 mar·

518 2834 638 2933 tyris,
662 2837 729 2935 qul
742 2835 932 2935 requiescit
945 2836 984 2911 in
1008 2856 1158 2934 corpore
1172 2835 1213 2910 in
1227 2857 1323 2933 pago
1350 2832 1524 2921 Rinensr,
1550 2835 1590 2909 in
1607 2834 1786 2911 monaste·

507 2938 592 3039 rio,
619 2940 716 3036 quod
729 2952 882 3016 vocatur
896 2936 1146 3025 Lauresham‚
1172 2935 1238 3011 fito
1254 2935 1357 3035 luper
1369 2935 1526 3011 fluvium
1541 2936 1785 3025 Willcoz,.ubi

518 3038 692 3115 dominus
714 3052 819 3139 pater
835 3062 942 3115 meus
955 3040 1015 3117 vir
1039 3038 1257 3139 apostolicus
1280 3038 1504 3133 Rutgangus
1517 3038 1633 3114 abbas
1645 3036 1712 3112 else
1728 3038 1785 3113 vi·

518 3140 645 3231 detur,
668 3140 769 3219 idem
785 3142 935 3219 vineam
951 3164 1076 3218 meam
1092 3142 1131 3216 in
1151 3164 1246 3239 pugo
1260 3136 1484 3238 Lebedoninst
1497 3138 1537 3217 in
1550 3138 1640 3216 villa
1664 3139 1784 3213 Haut-

511 3240 693 3344 scuesbo'm
709 3245 814 3346 super
827 3244 987 3321 fluvium
1014 3242 1154 3319 Nectar
1167 3243 1207 3321 in
1219 3265 1265 3317 ea
1277 3241 1502 3328 conditione,
1528 3257 1570 3318 ut
1582 3241 1629 3316 ab
1642 3240 1712 3315 hac
1721 3239 1783 3315 die

327 3434 335 3443 .
518 3344 630 3445 iplius
643 3346 850 3424 monasterii
869 3340 1044 3421 monachi
1068 3344 1254 3433 habeant,
1280 3355 1431 3419 teneant
1445 3356 1554 3439 atque
1568 3342 1782 3443 pendeant,

423 3510 425 3515 .
518 3449 580 3525 vel
596 3449 778 3545 quidquid
792 3444 925 3525 exinde
940 3446 1061 3524 facere
1075 3446 1285 3533 voluerint,
1312 3442 1528 3550 liberam&
1546 3442 1786 3520 firmillrmam

517 3548 557 3624 in
571 3552 741 3628 omnibus
766 3550 927 3626 habeant
942 3548 1169 3647 potestatem.
1202 3546 1243 3623 Si
1256 3548 1343 3644 quis
1355 3570 1470 3636 vero,
1496 3548 1596 3645 quod
1613 3545 1787 3622 futurum

517 3649 587 3727 else
602 3653 753 3729 minime
767 3653 893 3739 credo,
919 3650 946 3726 sr
961 3675 1032 3747 ego
1048 3650 1145 3750 ipse,
1171 3651 1269 3745 quod
1284 3648 1395 3739 absrt,
1423 3662 1489 3725 aut
1500 3651 1603 3743 'ullus
1615 3649 1661 3724 de
1678 3648 1786 3723 here·

516 3753 627 3829 dibus
641 3756 733 3831 mels
753 3755 815 3831 vel
835 3752 1125 3853 proheredibus,
1152 3752 1212 3827 rel
1233 3750 1409 3848 quislibet
1429 3754 1491 3829 vel
1516 3765 1693 3828 extranea
1705 3770 1787 3850 per·

381 3936 386 3943 ,
516 3854 623 3944 sona,
648 3858 714 3954 qui
728 3870 857 3933 contra
870 3853 967 3931 hanc
988 3852 1227 3941 donationem
1241 3853 1366 3929 venire
1391 3868 1548 3931 conatus
1568 3853 1694 3940 fuerit,
1719 3863 1788 3927 aut

517 3956 721 4060 irrumpere
750 3956 937 4048 voluerit,
962 3954 1059 4035 iram
1075 3954 1147 4034 Dei
1159 3955 1422 4060 omnipotentis
1441 3954 1790 4139 incurrataffiper
