4000 5417
421 423 527 503 Srcc.
557 418 618 499 IX
642 420 903 500 Lunovrco
929 424 1096 501 Genu.
1123 448 1270 505 nuos.
1448 450 1495 529 5³

778 622 783 633 ὶ

225 640 1496 665 *ωἫῃ

221 732 439 817 uarietate,
465 728 519 803 ita
534 740 675 815 tamen,
700 742 943 827 utnusquam
960 754 983 805 a
1000 728 1118 805 nostra
1131 728 1293 805 discedat
1309 729 1496 807 fidelitate.

222 834 274 909 Et
296 848 340 908 ut
366 830 450 907 haec
466 828 595 905 nostrae
621 830 824 925 largitionis
848 832 1048 907 austoritas
1073 831 1215 907 firmior
1235 832 1434 920 habeatur,
1459 833 1498 911 dt

221 958 288 1033 per
302 934 428 1009 sutura
453 946 617 1030 tempora
640 934 773 1007 melius
794 934 1055 1027 conservetur,
1082 957 1198 1010 manu
1211 935 1357 1032 propria
1378 934 1497 1011 subter

222 1059 309 1110 eam
333 1034 562 1109 firmavimus
585 1031 623 1108 &
646 1036 747 1108 anuli
767 1035 875 1110 nostri
901 1035 1126 1137 impressione
1142 1035 1310 1132 albgnari
1319 1034 1495 1132 jusimus.

220 1136 509 1213 Hrotlrmundu's
530 1134 696 1210 notarius
723 1138 931 1232 recognovi.
985 1140 1132 1219 DataV
1148 1139 1236 1213 Idus
1261 1139 1496 1228 Novembris,
1534 1166 1566 1229 9.
1588 1144 1668 1213 Nor.

222 1262 317 1327 auno
344 1237 486 1314 Christo
500 1236 684 1337 propitio,
711 1236 855 1337 imperii
876 1240 1014 1316 domiui
1036 1240 1205 1317 Lotharii
1227 1239 1372 1341 piiffimi
1397 1242 1497 1337 regis
1570 1236 1645 1317 85⁶·

219 1341 363 1439 primo,
391 1339 585 1415 indistione
609 1338 661 1417 IV
688 1334 827 1414 Attum
848 1340 1065 1439 Aquisgrani
1080 1343 1219 1443 palatio
1233 1344 1338 1441 regio
1360 1343 1498 1489 infel

219 1443 366 1517 nornine
383 1442 538 1517 feliciter
563 1462 684 1547 amen.
859 1483 860 1487 κ
1256 1477 1261 1484 ’

285 1572 462 1677 raedium
482 1600 502 1645 ¹⁸
520 1594 650 1678 etiarn
666 1587 788 1677 suum
806 1582 847 1677 i'n
875 1592 1075 1685 Garmitta
1090 1594 1157 1681 bic
1175 1596 1286 1682 idem
1305 1591 1706 1713 princepsmeano.

294 1703 651 1807 Lauresharnensr
670 1704 917 1791 monasterio
933 1707 1126 1809 tradidit,
1152 1709 1235 1797 'dc
1251 1708 1325 1795 tali
1342 1738 1496 1828 praece·
1527 1734 1676 1803 ⁸0mtfit

216 1838 293 1933 pto
316 1817 600 1929 „confirmavit

243 2156 428 2254 Donatio
452 2158 650 2251 Locharir'
676 2162 935 2276 imperatoris
961 2160 997 2271 (
994 2160 1125 2273 Regis
1125 2164 1157 2270 )
1184 2157 1227 2246 in
1255 2156 1469 2253 Gannitta.

214 2336 267 2465 In
287 2326 437 2403 nomine
461 2328 723 2427 omnipotentis
750 2328 817 2402 Dei
833 2326 871 2405 dr
896 2324 1090 2403 salvatoris
1106 2325 1216 2401 noliri
1241 2326 1325 2426 Jesu
1342 2324 1493 2415 Christi,

266 2430 502 2507 Lorunruus
529 2432 654 2507 divina
679 2430 929 2529 praeveniente
955 2429 1156 2503 clementia
1182 2430 1291 2503 Rex.
1343 2428 1385 2503 Si
1402 2429 1493 2503 locis

217 2528 295 2604 Deo
310 2530 442 2607 dicatis
457 2526 610 2630 aliquod
619 2532 797 2633 impertiri
816 2532 1032 2627 satagimus,
1046 2552 1191 2604 morem
1209 2530 1395 2631 sequimur
1403 2530 1491 2629 piis-

216 2628 390 2707 fimorum
407 2658 555 2729 regum,
570 2636 678 2732 idque
693 2636 742 2710 ad
756 2636 1053 2708 emolumentum
1068 2632 1207 2734 animae
1232 2631 1363 2708 nollrae
1379 2632 1488 2730 perti-

204 2756 303 2824 ,nere
320 2735 471 2808 minime
487 2737 721 2829 ambigimus.
748 2739 980 2835 Quapropter
993 2734 1163 2811 omnium
1176 2734 1342 2809 lidelium
1360 2732 1489 2811 sancte

217 2834 289 2909 Dei
304 2832 465 2907 ecclesiae
480 2857 523 2906 ac
538 2836 749 2921 nostrorum,
763 2836 998 2931 praesentium
1020 2837 1194 2911 videlicet
1215 2836 1252 2912 δι
1267 2835 1490 2924 futurorum,
1565 2849 1569 2861 “

218 2935 367 3011 noverit
381 2930 580 3025 industria3
609 2932 971 3029 quiallnnrnuuus
996 2937 1146 3012 illustris
1172 2960 1305 3013 conas
1323 2938 1361 3013 dr
1387 2938 1491 3012 Tieto

217 3036 382 3112 vasallus
396 3032 523 3127 n‘oster,
533 3034 661 3110 fideles
675 3034 807 3112 scilicet
821 3035 942 3125 nostri,
959 3038 1142 3137 deprecati
1159 3039 1241 3115 sunt
1253 3040 1489 3115 clementiam

218 3138 401 3227 nostram,
428 3152 470 3213 ut
483 3162 530 3213 ex
548 3138 659 3213 rebus
670 3134 764 3231 juris
779 3138 886 3213 nostri
911 3162 959 3213 ex
975 3140 1152 3215 beneficio
1176 3142 1325 3215 Hrorici
1347 3142 1490 3240 invilla

221 3240 395 3315 Gannirru
410 3242 460 3315 ad
475 3237 669 3314 ecclesiam
685 3237 790 3313 sansli
818 3240 985 3329 Nazarii,
1002 3265 1087 3339 quae
1102 3240 1259 3317 consistit
1274 3243 1313 3317 in
1333 3244 1492 3317 Laures·

218 3341 336 3430 barn,
363 3342 509 3437 aliquas
527 3360 588 3413 res
613 3340 842 3437 proprietatis
864 3339 947 3437 jure
957 3344 1221 3429 tribueremus,
1236 3366 1395 3438 quorum
1414 3364 1493 3439 pre·
1541 3340 1546 3347 '

219 3446 323 3520 cibus
351 3444 507 3519 libenter
522 3441 803 3537 acquiescentes,
829 3442 897 3517 hos
922 3442 1052 3519 nostrae
1075 3444 1274 3518 serenitatis
1296 3443 1375 3517 fieri
1397 3441 1492 3539 julli·
1601 3472 1610 3489 ·

219 3570 305 3621 mus
333 3538 476 3643 apices,
503 3566 566 3641 per
591 3565 684 3640 quos
710 3545 760 3618 ad
785 3544 984 3642 praefatum
1007 3543 1119 3617 sansii
1143 3544 1293 3618 Nazarii
1315 3542 1493 3618 monaste·

216 3649 318 3723 rium
334 3648 373 3719 in
389 3644 557 3743 praedisio
583 3646 735 3745 pago&
758 3647 797 3721 in
822 3643 1030 3743 praescripta
1043 3644 1135 3717 villa
1163 3644 1336 3717 Gannirra
1358 3660 1494 3721 terram

217 3748 455 3849 proprietatis
481 3746 610 3825 nostrae
633 3750 843 3847 perenuiter
863 3748 908 3821 ad
931 3745 1169 3833 habendum,
1196 3746 1243 3821 ob
1266 3748 1494 3823 emolumeu-
1630 3774 1633 3782 ·

128 3918 136 3927 .
217 3866 301 3927 tum
318 3850 454 3927 animae
470 3850 617 3940 nostrae,
632 3854 871 3929 concedimus
887 3848 924 3925 ὅ(
940 3848 986 3925 de
996 3847 1082 3945 jure
1096 3847 1216 3924 nostro
1233 3849 1272 3923 in
1284 3845 1347 3943 jus
1369 3872 1412 3925 ac
1428 3850 1491 3924 do-

144 4054 154 4073 ,
217 3954 463 4032 minationem
476 3952 584 4054 ipsius
604 3952 1053 4131 perenniteeransurum
1068 3952 1384 4071 uamfirndimus,
1400 3974 1490 4049 qua·

876 4081 897 4154 3
1340 4077 1442 4133 unus
