4000 5417
490 388 596 466 Suc.
633 385 687 464 XI
712 388 977 468 Harunrco
1003 388 1057 473 IV
1082 411 1227 468 auce.
1364 349 1369 358 .
1417 413 1489 494 179

216 694 363 809 dignis,
394 693 667 805 quantumin
696 687 783 806 ipso
798 712 911 795 erat,
940 687 1128 778 instituit.
1184 691 1357 782 Interim
1386 712 1483 778 orto

152 891 154 896 ,
211 809 256 891 in
284 797 481 895 Romana
496 801 661 888 ecclesia
677 797 892 907 scismate,
911 799 1137 918 secutoque
1153 833 1212 892 ex
1234 805 1378 892 studiis
1382 832 1485 1002 par·

212 921 324 1004 tium
340 945 475 1030 usque
495 915 548 1002 ad
566 912 802 1029 sanguinem
832 921 1059 1004 certamine
1076 945 1157 1033 pro
1166 915 1367 1006 elediione
1412 946 1485 1002 uo·

208 1057 309 1117 rum
336 1029 609 1144 pontiiicum,
638 1027 690 1113 ad
724 1028 1036 1116 reformandam
1064 1028 1245 1116 ecclesiae
1263 1057 1410 1145 pacem
1437 1027 1483 1116 bt

208 1145 418 1228 unitatem
442 1143 568 1230 Anno
586 1137 915 1258 archiepiscopus
934 1143 979 1230 oz
1004 1143 1261 1231 Godesridus
1278 1144 1370 1229 dux
1385 1171 1411 1226 a
1426 1136 1481 1225 la·

209 1277 302 1342 tere
321 1256 431 1369 regis
459 1275 610 1368 rogatu
636 1251 815 1342 ecclefiae
841 1255 1104 1370 dirigtmtur,
1132 1279 1260 1370 atque
1287 1251 1482 1342 conditio

208 1367 400 1456 Mantuae
426 1376 666 1466 conventu,
695 1366 848 1454 auditis
868 1371 1085 1482 utriusque
1112 1374 1244 1485 partis
1270 1365 1483 1482 allegatio·

209 1481 363 1579 nibus,
399 1483 590 1592 utrisque
617 1481 746 1564 etiam
786 1478 926 1568 eledtis
983 1476 1224 1568 raesentibus
1241 1482 1482 1583 „canonica

210 1585 416 1678 sententia
432 1590 675 1680 Alexander
689 1594 731 1676 in
749 1587 841 1678 sede
858 1509 1078 1708 aposolica
1092 1593 1370 1680 consinnatur.
1398 1590 1479 1680 Cu·

209 1706 280 1815 jus
299 1700 526 1791 absentiam
553 1701 808 1791 Adelbertus
833 1704 1068 1791 Premensis
1098 1727 1329 1818 aucupatus
1352 1701 1481 1788 archi·

212 1812 461 1931 episcopus,
487 1837 536 1901 ut
554 1837 645 1903 erat
678 1813 846 1902 effrenis
874 1819 1095 1916 avaritiae,
1121 1817 1237 1901 omni
1259 1835 1349 1900 arte
1374 1816 1483 1898 circa
1553 1828 1556 1834 “

211 1926 372 2013 aulicos
390 1923 592 2030 molitur,
618 1949 731 2015 utre
760 1930 796 2016 is
815 1931 936 2044 pueri
952 1929 1134 2014 eruditio
1149 1925 1483 2124 &pedagopium

211 2039 287 2125 fibi
304 2043 667 2142 comitteretur„
746 2069 894 2126 erens:
950 2042 1175 2128 Amronem
1209 2066 1347 2125 everae
1390 2063 1439 2120 ro
1466 2081 1482 2099 ·
1570 2141 1575 2152 ¹

210 2153 288 2252 tis,
318 2149 479 2238 severo
499 2154 652 2264 ingenii
676 2155 859 2238 mitioris
887 2149 991 2256 esse,
1016 2180 1160 2266 regem
1181 2153 1272 2262 jam
1301 2169 1482 2234 maturae

205 2266 359 2349 aetatis
375 2257 471 2349 suae
490 2265 702 2376 potestatis
711 2262 789 2350 esse
807 2261 971 2366 debere,
985 2292 1070 2366 ⁴nec
1087 2285 1175 2350 tam
1192 2259 1480 2373 asieno‚quam

236 2377 378 2490 roprio
402 2377 576 2461 arbitrio
600 2379 718 2490 regni
737 2370 1018 2492 gubernacula
1031 2371 1258 2491 disponere.
1308 2373 1393 2460 His
1409 2369 1479 2456 de·

204 2401 378 2574 senificis
411 2483 737 2603 persuasionibus
772 2485 931 2576 inflexo
966 2515 1105 2602 rege,
1151 2487 1352 2574 avaritiae
1379 2477 1477 2569 suae

237 2600 355 2685 andit
372 2599 533 2688 hiatum
549 2599 594 2689 δι
621 2601 726 2688 duas
743 2627 849 2688 mox
878 2598 1040 2716 regases
1054 2602 1244 2686 abbatias
1261 2659 1273 2707 r
1298 2597 1477 2688 Laures·

205 2629 489 2798 bammensem
513 2735 638 2825 atque
675 2709 998 2825 Corbejensem‚
1028 2714 1142 2826 quast
1166 2713 1261 2799 fidei
1288 2709 1475 2797 devotio-

206 2827 361 2934 nisque
382 2827 611 2934 praemium
638 2853 737 2934 erga
754 2853 895 2954 regem
914 2828 1106 2918 ambivit.
1141 2824 1316 2916 Veritus
1331 2844 1476 2908 autem

206 2934 254 3020 id
272 2931 383 3048 apud
404 2953 592 3017 caeteros
616 2936 732 3044 regni
755 2939 885 3047 princi
915 2965 960 3022 es
987 2933 1165 3034 invisum
1183 2933 1302 3039 sore,
1330 2932 1477 3019 donari

203 3048 310 3132 fecit
338 3045 507 3132 Annoni
536 3041 673 3130 archie
703 3039 838 3160 iscopo
865 2965 1053 3136 abbatias
1081 3048 1254 3149 Iudam,
1281 3045 1474 3138 Malmuo·

210 3156 373 3246 darium
400 3158 446 3246 dt
473 3153 637 3254 Ficta
665 3072 871 3270 sigefrido
896 3159 1203 3277 archiepiscopo
1230 3160 1303 3249 Ma
1330 3161 1475 3242 ontino

207 3271 470 3382 Seligenstat3
495 3269 650 3358 Ottoni
667 3269 956 3360 Bawariorum
972 3275 1070 3359 duci
1085 3267 1262 3369 Astaba3
1287 3185 1476 3360 sudolfo

207 3383 452 3474 Suevorum
490 3381 587 3469 duci
613 3379 830 3487 Kambeten.
887 3383 957 3472 Sic
987 3415 1041 3472 ue
1064 3388 1223 3499 pacatis
1248 3379 1359 3481 illis,
1393 3406 1478 3462 coe·

203 3499 296 3612 ptis
313 3494 501 3580 incubuit
518 3489 820 3596 mosiu'onibus
840 3495 941 3581 &ut
1016 3492 1243 3606 rbejensem
1254 3490 1476 3591 ecclesiam,

203 3637 272 3695 ex
287 3609 466 3720 abrupto
483 3626 733 3708 vacantem,
758 3605 972 3694 invaderet
990 3670 1003 3710 ‚
1028 3608 1147 3720 fingit
1172 3605 1381 3718 quendam
1397 3603 1478 3715 epi·

205 3715 387 3834 scopum
423 3717 586 3806 Italicae
605 3721 820 3818 civitatis,
850 3723 916 3806 cui
940 3719 1038 3810 Pole
1053 3745 1207 3805 nomen
1228 3717 1306 3818 est,
1334 3712 1475 3800 huma·

207 3834 283 3918 nis
300 3831 424 3919 rebus
438 3828 656 3938 excessisse,
685 3835 753 3924 cui
769 3826 1034 3922 successorem
1049 3834 1244 3920 abbatem
1259 3829 1475 3938 Corbejen·

203 3940 296 4047 sem
313 3941 445 4035 veluti
475 3941 549 4037 sub
576 3945 1001 4150 praetextuzhonoris
1015 3944 1211 4064 subrogat
1228 3974 1240 4048 3
1258 3939 1474 4148 coaptem·

869 4090 899 4158 2
1394 4084 1419 4146 a
