4000 5417
515 470 563 559 56
654 461 657 468 '
890 456 1405 541 cenomanensem
1501 468 1505 473 ’

1511 587 1521 609 Ι

1221 624 1789 657 Ἢ

304 760 503 838 *nertstert
594 794 679 851 nno
700 772 720 817 ¹*
747 764 984 853 Dominicae
1012 764 1307 871 incarnationis
1342 762 1628 866 DCCCXVIi
1671 768 1785 859 Ada-

622 876 748 993 lungo
757 880 905 969 abbate
915 875 1110 963 defimtto
1119 872 1466 990 Samuelapuero
1477 880 1788 969 ibidemeduca·

514 1016 586 1080 tus
595 986 850 1104 subrogatur,
859 1019 936 1075 nec
953 986 1087 1075 multo
1105 990 1194 1105 post
1202 990 1492 1079 Wormatiensr
1500 988 1707 1109 episcopio
1727 1000 1787 1082 in·

517 1106 791 1206 thronizatur,
807 1104 879 1189 ubi
898 1100 1107 1187 eceteram
1124 1105 1235 1187 beati
1244 1100 1525 1215 Ciriaci,quae
1552 1104 1786 1221 appellatur

516 1215 731 1333 Niultusen,
749 1246 775 1301 a
792 1214 1073 1303 fundamentis
1081 1214 1309 1317 exstruens,
1320 1220 1547 1314 armarium
1556 1216 1684 1331 hujus
1703 1218 1786 1309 loci

366 1353 374 1371 ‘
513 1361 577 1422 ,ex
593 1352 711 1445 parte
736 1331 956 1417 evacuavit
976 1390 987 1430 ,
1016 1328 1062 1415 dc
1081 1329 1124 1411 in
1142 1330 1361 1442 utriusque
1378 1325 1556 1417 coclesrae
1583 1335 1787 1446 regimine

350 1472 353 1483 ·
520 1446 639 1551 annis
659 1440 791 1534 XVII
808 1439 989 1557 expletis
1004 1440 1117 1527 diem
1145 1438 1287 1527 clausit
1312 1463 1567 1528 extremum.
1596 1443 1687 1534 Sub
1704 1446 1786 1532 hoo

519 1546 710 1669 tempore
730 1554 932 1671 praefatus
950 1583 1031 1640 rex
1056 1552 1313 1644 Ludowicus
1331 1550 1470 1639 illustri
1499 1584 1665 1645 comm
1683 1560 1787 1651 We·

519 1684 734 1757 arnasano
751 1666 907 1783 praedia
917 1662 988 1753 sua
1005 1669 1048 1751 in
1064 1664 1256 1775 Bibifloz,
1270 1663 1340 1756 W
1332 1662 1542 1753 ottenheim
1550 1691 1674 1783 atque
1684 1670 1788 1759 Zul·

476 1884 479 1890 ,
519 1778 646 1889 Insteio
665 1784 779 1895 regia
790 1778 1036 1871 auctoritate
1055 1779 1245 1879 tradidit,
1266 1807 1362 1894 quae
1381 1807 1489 1866 mox
1501 1781 1611 1867 idem
1628 1784 1789 1875 Werin·

335 1929 356 1969 υ
368 1922 479 1991 Omma
518 1893 643 2095 pprus
659 1892 1003 2094 Laulreshaipnenfi
1021 1892 1269 1980 monasterio
1288 1894 1514 2009 assignavit.
1541 1895 1572 1955 ἕ
1587 1894 1697 1983 Haec
1716 1924 1790 1991 au-

560 2030 689 2093 orrtas
710 2030 753 2095 ta
770 2036 805 2093 rs
834 2034 858 2093 e
892 2068 903 2094 .

1071 2216 1240 2313 XXVI.

521 2351 700 2447 Duratio
728 2348 941 2441 Ludoroici
972 2348 1198 2576 Werpltlepp
1220 2350 1264 2480 in
1292 2346 1455 2443 Bibiloz
1463 2411 1481 2451 ,-
1508 2347 1576 2442 W
1569 2348 1789 2458 attensem,

1101 2493 1162 2549 ue
1191 2492 1266 2551 em.

522 2640 574 2769 ln
590 2629 738 2704 nomine
764 2626 894 2706 sancta
920 2626 1186 2727 dqindividuae
1211 2630 1413 2707 Trinitatis.
1465 2630 1708 2709 Lnnowrcus
1734 2629 1793 2705 di-

575 2732 664 2807 vina
677 2731 824 2813 favente
839 2730 961 2827 gratia
986 2752 1065 2809 rex.
1119 2733 1250 2829 Regiae
1266 2733 1438 2829 dignitati
1464 2732 1577 2808 moris
1598 2730 1649 2808 est
1673 2730 1792 2807 fideli·
1917 2774 1933 2793 ·

523 2844 582 2907 ter
595 2831 659 2907 srbi
673 2832 899 2909 famulantes
915 2834 1021 2909 donis
1037 2834 1308 2932 multiplicibus
1317 2850 1430 2932 atque
1444 2836 1647 2912 honoribus
1662 2835 1791 2930 ingen·

523 2936 623 3011 tibus
637 2936 818 3010 honorare
833 2959 876 3011 ac
887 2935 1094 3015 sublimare.
1121 2937 1278 3013 Proinde
1286 2960 1354 3011 nos
1361 2954 1560 3036 parentum
1575 2937 1791 3025 nostrorum,

523 3060 653 3133 regum
675 3038 846 3114 videlicet
866 3038 1121 3127 Francorum,
1147 3060 1290 3115 morem
1313 3039 1503 3135 sequentes
1518 3041 1627 3116 libuit
1646 3037 1792 3112 celfitu·

522 3138 600 3214 dini
608 3138 743 3215 nostrae
757 3138 905 3215 fidelem
921 3142 1110 3237 quendam
1125 3139 1287 3215 nostrum
1301 3138 1446 3217 nomine
1458 3142 1791 3219 Wnnrunnnnmr

522 3242 569 3317 de
594 3242 817 3338 quibusdam
843 3244 953 3318 rebus
974 3243 1207 3343 proprietatis
1232 3242 1363 3319 nostrae
1386 3242 1565 3318 honorare
1597 3264 1642 3315 ac
1677 3237 1791 3314 subli-

523 3366 637 3419 mare.
691 3344 770 3421 Nec
784 3346 972 3421 immerito
988 3400 998 3435 ,
1024 3346 1158 3445 quippe
1172 3368 1260 3420 cum
1274 3344 1402 3445 &ipse
1418 3345 1515 3444 apud
1526 3340 1790 3418 excellentiam

516 3444 685 3522 nostram
699 3446 769 3520 hoc
786 3448 896 3544 digne
912 3448 1062 3549 adipisci
1077 3462 1282 3539 mereatur,
1296 3449 1375 3547 ‘qui
1390 3448 1478 3523 totis
1500 3445 1633 3522 nisibus
1649 3464 1787 3538 usqne-

524 3570 673 3647 quaque
688 3548 806 3623 nostro
832 3550 1003 3639 servitio,
1029 3549 1232 3648 nostrisque
1250 3548 1464 3648 jussionibus
1478 3548 1632 3625 fideliter
1646 3546 1794 3622 obtem·

524 3672 652 3751 perare
668 3650 798 3727 studet.
822 3652 1051 3753 Quapropter
1070 3652 1274 3753 comperiat
1292 3651 1461 3729 omnium
1477 3652 1641 3727 fidelium
1655 3646 1795 3724 nostro-

524 3776 621 3843 rum,
638 3753 871 3853 praesentium
887 3756 1027 3831 scilicet
1039 3754 1078 3832 &
1092 3754 1323 3845 futurorum,
1349 3754 1595 3849 magnitudo,
1620 3751 1710 3850 quia
1723 3772 1792 3825 nos

525 3856 763 3931 conceffimus
778 3857 900 3931 eidem
926 3860 989 3938 W.
1006 3860 1054 3932 ad
1068 3860 1257 3959 proprium
1279 3858 1463 3956 quasdam
1478 3877 1538 3929 res
1559 3850 1794 3955 proprietatis

526 3958 656 4035 nostrae
696 3981 788 4143 &aa
804 3952 885 4034 sunt
899 3959 938 4034 in
947 3980 1041 4057 pago
1054 3956 1215 4058 Renense,
1231 3960 1270 4036 in
1287 3960 1408 4047 villis,
1433 3978 1517 4056 quae
1529 3957 1705 4032 dicuntur
1726 3952 1796 4026 Bi-

522 4014 677 4157 tnazai
745 4060 931 4137 arratam
948 4074 1061 4158 atque
1085 4061 1270 4161 aurasica,
1297 4062 1469 4139 mansum
1482 4054 1795 4229 vraerroetppmr·

1638 4179 1677 4235 m
1722 4195 1739 4213 .
