4000 5417
606 417 665 518 ‘nr
692 451 817 516 esso
841 435 1135 520 Rnsnsrrsr.
1324 452 1352 502 0'
1445 461 1556 543 341·

244 749 381 839 fundo,
408 748 461 826 ita
472 759 518 824 ot
531 747 579 824 ab
592 745 665 823 hac
678 744 740 824 die
754 746 802 824 ad
817 745 934 846 ipsum
950 745 1111 823 santium
1125 747 1251 822 locum
1263 743 1326 822 vei
1346 743 1394 820 ad
1410 765 1520 840 agen·

245 865 304 931 tes
320 850 430 951 ipsius
443 850 548 928 omni
568 862 733 948 tempore
748 848 913 952 profitiat
932 848 972 925 in
992 863 1257 946 augmentum,
1290 843 1518 944 stipulatione

246 953 413 1041 subnixa,
467 952 604 1028 Atium
618 952 656 1026 in
672 950 888 1028 monasterio
903 951 1118 1028 Leureshom
1139 950 1205 1028 sub
1225 949 1283 1024 die
1298 949 1370 1029 XV
1389 950 1517 1027 kalen·
1547 979 1597 1048 18·
1611 965 1684 1034 ott.

242 1057 314 1130 das
340 1055 574 1133 Novembris.
633 1052 792 1148 Signum
812 1053 1042 1143 Amanoldi,
1076 1055 1139 1152 qui
1160 1054 1257 1130 hanc
1279 1052 1517 1129 donationem

246 1157 352 1246 fecit,
385 1157 530 1255 signum
550 1153 763 1243 Rouholdi‚
804 1155 1004 1244 Woldolfi,
1030 1155 1257 1256 'Erphonis,
1298 1154 1516 1246 Rahcholfi,

245 1259 388 1350 Bidini,
414 1259 577 1347 Alberti,
598 1255 797 1337 Adalradl,
823 1257 907 1353 Ego
918 1257 1101 1336 Rudolfus
1115 1273 1266 1356 rogatus
1281 1254 1413 1360 scripsi.

160 1610 198 1624 ..
243 1597 425 1695 Donum
451 1555 706 1693 Waltmnndi
722 1466 1060 1712 ffllndi,
1075 1599 1251 1708 filiorum
1260 1601 1516 1702 Ebermundi,
1564 1635 1568 1642 ·
1659 1575 1662 1582 .

295 1743 400 1802 anno
416 1715 566 1808 XXII
574 1713 722 1804 domini
735 1713 859 1823 nostri
873 1712 1020 1801 Karoli
1034 1713 1172 1825 magni
1186 1711 1462 1828 imperatoris,

666 1823 907 1920 ‘Ribbodone
936 1826 1089 1912 abbate.

243 1990 516 2132 Audivimus,
541 2016 630 2070 cum
643 1993 880 2090 evangelium
903 1992 1111 2088 legeretur,
1145 2011 1275 2065 vocem
1296 1990 1404 2068 illam
1426 1993 1520 2068 toni·

333 2092 467 2170 truaiis
486 2093 816 2192 evangelistrarum
838 2093 1046 2181 sententiae,
1079 2093 1117 2168 in
1138 2115 1213 2190 qua
1233 2091 1325 2168 dicit
1346 2095 1519 2169 dominus
1609 2124 1612 2132 ·

242 2194 364 2270 noster
382 2195 484 2295 Jesus
500 2196 683 2284 Christus,
708 2197 794 2272 date
808 2194 1045 2272 elemosinam
1061 2191 1100 2269 ἃ
1123 2215 1208 2270 ecce
1230 2195 1356 2272 omnia
1377 2197 1518 2272 munda
1646 2261 1649 2268 .

242 2296 325 2372 sunt
338 2297 461 2386 vobis,
486 2295 524 2374 bt
537 2297 645 2386 alibi,
670 2295 763 2373 sicut
776 2296 1067 2394 aquaextinquit
1082 2297 1227 2392 ignem,
1254 2296 1306 2372 ita
1321 2295 1519 2373 elemosina

241 2397 648 2497 extinquitpeccatum.
681 2398 821 2504 Idcirco
843 2420 911 2473 nos
934 2400 972 2474 in
985 2397 1055 2472 Dei
1068 2398 1215 2473 nomine
1231 2397 1516 2488 Waltmun'dus,

239 2498 340 2576 filius
356 2501 544 2598 quondam
560 2500 807 2590 Ebermundi,
832 2500 872 2576 δι
888 2499 1173 2596 Hugimnndus,
1189 2497 1287 2574 iilius
1301 2523 1428 2588 meus,
1452 2503 1516 2576 do·
1569 2565 1574 2582 ,

192 2683 196 2690 ,
240 2625 377 2678 namus
389 2601 438 2678 ad
453 2601 616 2679 fandum
631 2604 690 2679 dei
712 2617 916 2699 martyrem
931 2601 1152 2692 Nomium,
1179 2601 1246 2698 qui
1266 2602 1458 2700 requiescit
1478 2603 1517 2678 in

241 2727 393 2801 corpore
416 2705 456 2778 in
483 2704 728 2796 monasterio,
768 2706 871 2802 quod
890 2706 1097 2804 appellatur
1115 2703 1373 2795 Lauresham,
1413 2706 1517 2805 super

242 2803 402 2879 fluvium
420 2803 576 2884 Wiffeoz
596 2806 689 2894 sito,
720 2811 783 2882 vel
803 2807 853 2880 ad
873 2805 980 2883 iilam
1005 2807 1164 2882 fantiam
1194 2808 1518 2904 congregationem
1580 2813 1584 2822 '

243 2901 540 2987 monachorum,
570 2925 656 2996 quoe
675 2905 815 2980 ibidem
832 2909 994 2983 adunata
1012 2909 1090 2994 est,
1130 2907 1197 2983 ubi
1216 2909 1275 2984 vir
1295 2911 1518 2986 venerabilis

243 2999 421 3081 Rihbodo
440 3000 536 3078 abba
553 3001 701 3100 praeeffe
714 3006 881 3096 videtur,
895 3008 1147 3106 donatumque
1163 3007 1201 3084 in
1216 3024 1434 3111 perpetuum
1447 3009 1516 3090 effe

181 3122 185 3128 ⁴
226 3107 330 3222 *volo
344 3103 384 3182 &
398 3103 868 3215 promptiffimavoluntate
882 3110 1078 3202 confirmo,
1092 3109 1165 3188 hoc
1178 3111 1248 3203 est,
1262 3135 1342 3190 rem
1357 3113 1516 3190 nostram
1670 3116 1681 3128 '

70 3249 88 3295 ¹„
197 3238 205 3254 ·
231 3207 284 3287 dn
298 3231 394 3308 pago
403 3204 570 3295 Rinenfi,
585 3207 622 3282 in
639 3208 980 3316 villaBuofinesheim
990 3213 1032 3312 jjj
1047 3213 1212 3304 mansos,
1227 3215 1265 3294 dt
1280 3215 1460 3314 quidquid
1475 3218 1515 3292 in

241 3310 318 3410 ipsa
332 3333 460 3388 marca
474 3310 601 3387 videor
612 3308 766 3399 habere,
781 3314 908 3405 terris,
922 3308 1082 3418 campis,
1098 3318 1229 3415 pratis,
1256 3317 1414 3418 pascuis,
1436 3335 1520 3415 per·

242 3413 333 3501 viis,
354 3413 472 3503 silvis,
494 3413 630 3502 vineis,
651 3413 842 3500 domibus,
863 3419 1048 3506 aedificiis,
1071 3417 1249 3515 proprisos
1267 3417 1306 3515 jjj
1322 3418 1517 3514 utriusque

231 3512 369 3602 'sexus,
395 3515 598 3613 majoris&
613 3516 786 3619 minoris,
808 3516 899 3592 item
913 3520 952 3593 in
971 3516 1220 3616 Wormocinse,
1245 3522 1283 3594 in
1302 3519 1516 3615 oppenheim,
1603 3547 1617 3572 ·

243 3614 374 3690 vineas
395 3641 439 3705 v,
468 3617 635 3694 similiter
657 3620 698 3696 in
721 3617 944 3696 Uminesheim
963 3617 977 3715 j
998 3619 1151 3694 vineam
1166 3618 1204 3694 de
1230 3618 1244 3714 j
1271 3616 1459 3711 mansum,
1476 3621 1515 3698 δι

244 3716 428 3812 obtoginta
450 3720 543 3794 duos
559 3719 728 3816 jurnales
748 3723 795 3798 de
816 3732 915 3798 terra
942 3721 981 3796 in
1000 3717 1277 3814 Winolsesheim,
1293 3719 1455 3798 similiter
1478 3725 1518 3801 in

248 3817 490 3898 Wntersbeim
512 3821 551 3896 δι
564 3824 837 3924 quidquidjam
851 3823 955 3900 ditiis
969 3821 1062 3898 locis
1076 3820 1212 3896 habere
1227 3815 1421 3914 videmur,
1436 3841 1516 3904 tam

243 3920 290 3995 de
314 3920 421 3996 alode
435 3937 632 4020 parentum
648 3951 761 4026 quam
776 3927 823 4022 de
844 3927 1011 4024 quolibet
1024 3923 1178 4018 attrasto
1200 3928 1248 4002 ad
1271 3945 1338 4002 nos
1358 3927 1518 4006 noscitur
1628 3979 1631 3987 ι

241 4023 446 4124 pervenisse
463 4025 654 4126 utriusque
674 4031 800 4122 sexus,
832 4030 871 4106 in
892 4027 1031 4131 majore
1053 4029 1114 4106 vel
1135 4029 1304 4121 minores
1320 4031 1525 4112 mobilibus.

220 4145 224 4152 ·
836 4134 964 4212 Xxe
1407 4136 1468 4214 vel
