4000 5417
548 460 578 572 Ξ
793 502 805 514 ““
895 486 1110 577 ,Canon
1137 500 1198 565 ur
1223 484 1435 567 caum

550 652 731 678 U*
853 672 857 691 ,
1288 650 1822 677 ——1--a—-n-h—-n

551 708 1821 739 *mmm-..q-

729 792 793 885 De
801 792 1036 899 fundatione
1058 768 1658 903 materiamensu‘monosterii.

342 1006 543 1091 mancipio
631 986 714 1043 nno
729 963 750 1011 ¹
764 956 1000 1045 Dominicae
1024 956 1318 1039 incarnationis
1332 949 1691 1071 septingentefimo
1708 951 1820 1043 sexa·

277 1154 281 1163 .
342 1099 469 1163 freheri
660 1070 814 1197 gesimo
839 1091 1009 1181 quarto,
1036 1067 1172 1182 Pjpini
1198 1095 1301 1154 vero
1317 1070 1426 1181 regis
1444 1069 1721 1172 Francorum,
1749 1072 1822 1181 qui

344 1186 520 1285 chronicon
556 1213 614 1269 ex
646 1180 846 1269 ientemia
879 1179 1094 1267 Zachariae
1129 1207 1250 1294 papae
1284 1179 1470 1294 depofito
1503 1178 1718 1267 Hilderico
1775 1210 1820 1265 er

343 1268 537 1339 mm·
556 1300 728 1385 beatum
783 1292 1075 1397 Bonifacium,
1119 1294 1382 1405 Moguutinae
1413 1288 1519 1377 sedis
1556 1292 1693 1378 archie
1724 1209 1821 1378 iiio·

556 1436 659 1525 pum
677 1410 721 1494 du
740 1428 982 1515 martyrem,
1002 1435 1060 1491 ex
1085 1403 1282 1519 praesedio
1298 1401 1440 1518 palatii
1457 1408 1499 1487 in
1518 1408 1676 1518 regiam
1691 1322 1820 1519 digni·

550 1545 691 1607 ,tatem
710 1518 765 1603 est
783 1516 931 1603 unitus
952 1546 999 1601 ac
1018 1520 1154 1632 postea
1171 1545 1245 1631 per
1274 1516 1533 1631 Stephanum
1558 1545 1708 1632 papam
1723 1546 1820 1632 apo·

542 1630 696 1718 'stolica
720 1628 912 1715 unctione
939 1631 1227 1730 confirmatus,
1252 1658 1360 1713 anno
1396 1629 1670 1731 duodecimo,
1699 1629 1820 1718 CAN·

557 1770 652 1832 con
678 1739 839 1849 illustris
865 1738 1070 1850 Rheaeoſss
1093 1741 1194 1853 pagi
1220 1768 1371 1830 conas
1390 1768 1487 1829 cum
1512 1764 1646 1827 matre
1670 1737 1742 1827 sua
1759 1769 1821 1826 re·

557 1849 699 1967 ligiosa
726 1852 770 1939 δι
813 1854 1004 1941 Domino
1029 1852 1269 1971 acceptabili
1296 1854 1642 1948 W1nu1sw1nnA
1659 1852 1821 1957 ‚.viduo

557 1964 777 2055 Rununm
790 2042 792 2045 .
807 1994 1019 2072 com1n1s,
1037 1970 1329 2054 monasterium
1348 1965 1609 2055 Lauresham
1625 1962 1821 2069 ininsula,

557 2106 656 2189 quae
673 2105 782 2185 nunc
805 2076 1036 2193 appellatur
1073 2081 1393 2187 Aldoamiinster‚
1420 2084 1631 2165 initiantes
1655 2107 1822 2166 venera·

543 2186 631 2274 'bili
668 2186 894 2303 Rutgango
924 2192 1119 2279 Metenfis
1137 2190 1327 2275 'ecclefiae
1355 2189 1659 2303 archiepiscopo
1682 2193 1736 2274 ad
1763 2194 1821 2275 in·

557 2300 806 2385 stituendam
834 2302 934 2389 inibi
969 2303 1204 2384 monasticae
1232 2298 1488 2427 proseffionis
1513 2296 1709 2382 militiam
1739 2325 1822 2384 tra·

557 2410 783 2511 diderunt,
810 2406 962 2493 nullius
988 2410 1159 2520 quidem
1189 2405 1381 2523 episcopii
1408 2403 1479 2493 seu
1504 2406 1724 2519 cujuslibet
1757 2439 1821 2495 ec·

559 2520 690 2608 clefiae
715 2523 797 2631 juri
824 2541 897 2605 aut
925 2519 1109 2625 dominio
1123 2515 1395 2631 -subjicientes
1413 2579 1425 2621 ‚
1442 2516 1529 2605 ·sed
1555 2523 1654 2636 quia
1681 2525 1822 2609 minus

551 2634 602 2720 id
618 2664 692 2748 per
729 2630 769 2719 se
785 2651 978 2747 poterant
1006 2653 1206 2744 tanquam
1229 2627 1558 2745 consanguineo,
1588 2636 1633 2720 dc
1656 2655 1749 2721 tum
1778 2638 1821 2720 in

553 2746 642 2835 Dei
666 2747 790 2832 rebus
818 2747 911 2832 viro
943 2738 1227 2858 [pedatiffimo
1250 2743 1567 2859 perficiendum,
1595 2749 1822 2861 gubernan-

552 2860 744 2972 [dumquc
761 2852 834 2943 sub
851 2856 1088 2942 traditionis
1108 2855 1233 2943 titulo
1252 2857 1607 2964 commendantes,
1618 2864 1689 2974 qui
1698 2861 1821 2947 utoe

551 2971 693 3057 “fiderii
718 2967 781 3057 sui
805 2972 1110 3166 promptiorem
1134 2967 1380 3057 sortirentur
1397 2966 1620 3073 effectum,
1648 2970 1821 3058 famulo-

506 3172 509 3182 ,
554 3110 656 3191 „rum
681 3082 793 3183 Dei,
820 3085 893 3193 qui
910 3086 924 3166 i
940 3082 992 3167 lic
1030 3082 1236 3173 adunandi
1253 3104 1390 3185 erant,
1418 3084 1684 3198 providentes
1709 3099 1819 3166 com·

553 3195 696 3305 modis
721 3190 928 3279 ecclesiam
948 3200 992 3279 in
1024 3196 1177 3282 Scorto
1194 3222 1292 3281 cum
1314 3191 1397 3280 suis
1420 3193 1685 3308 appenditiis,
1714 3221 1819 3308 prae

555 3307 675 3391 'dium
708 3300 828 3391 fuum
854 3309 898 3391 in
924 3307 1171 3417 Mogontia,
1212 3305 1354 3394 villam
1372 3333 1539 3420 quoque
1575 3301 1820 3415 Hageolneim

558 3446 657 3503 cum
677 3422 792 3504 omni
810 3421 1048 3531 integritate
1067 3422 1107 3503 in
1127 3417 1402 3535 polieffionem
1421 3416 1606 3529 ejusdem
1623 3418 1821 3503 monadic-

554 3525 611 3619 'rii
635 3528 926 3633 contulerunt,
964 3527 1254 3645 ecclefiamque
1279 3532 1430 3616 ibidem
1457 3534 1500 3613 in
1525 3528 1681 3616 honore
1707 3532 1821 3617 beati

556 3640 675 3730 Petri
700 3672 724 3727 a
754 3639 868 3728 ostoli
891 3644 1115 3759 praefatum
1143 3642 1382 3762 pontificem
1395 3637 1640 3748 *consecrare
1672 3672 1820 3729 exora·

539 3776 722 3887 ‘venunt
741 3785 900 3963 alprrph
899 3758 1135 3845 traditionis
1162 3786 1310 3846 eorum
1326 3757 1379 3844 de
1407 3754 1671 3871 Hagenheim
1692 3758 1819 3845 conti

554 3892 696 3955 nentia
721 3886 739 3953 t
796 3894 855 3954 se
