4000 5417
481 372 585 451 Suc.
612 372 666 449 XI
693 372 957 451 Hnrnnrco
983 375 1018 453 II
1045 338 1191 452 anon.
1400 402 1468 479 153

207 542 374 563 nur—1·-

201 680 393 768 fidelibus,
418 676 658 777 praesentibus
690 678 889 757 sciliceta:
913 680 1068 769 futuris,
1095 678 1254 779 dualiter
1268 705 1335 757 nos
1355 682 1468 756 inter·

199 798 308 859 ventu
317 797 430 878 atque
445 778 619 877 petitione
635 780 832 870 Bobbonis,
841 782 1151 859 Loresheimensrs
1159 783 1315 871 abbatis,
1329 783 1466 878 inquo·

199 887 280 961 darn
300 887 383 959 loco
394 880 603 955 monasterii
619 881 691 957 siva
707 884 867 961 abbatiae
882 884 972 973 suaa,
1000 885 1039 959 in
1051 886 1191 961 honore
1208 883 1317 959 sanni
1344 885 1465 960 Naza-

64 996 67 1003 ‘
197 987 238 1061 rii
252 984 431 1081 martyris
452 983 685 1070 construstae,
714 985 917 1085 oppenheim
933 986 1047 1073 disto,
1070 986 1110 1063 &
1124 988 1163 1063 in
1175 1010 1275 1085 pago
1294 984 1350 1065 W
1343 1011 1465 1061 ormes-

196 1088 285 1175 naias,
304 1088 521 1161 incomitata
541 1107 628 1161 vero
654 1086 1214 1177 anzone1conrarssrto,srbi,
1232 1087 1380 1184 suisque
1389 1086 1466 1164 suc·

200 1188 420 1277 sessoribus,
446 1188 510 1283 qui
535 1187 585 1261 ibi
605 1208 671 1288 pro
704 1202 870 1288 ternpore
895 1190 1051 1267 ordinati
1083 1190 1248 1279 suerint,
1274 1189 1466 1294 licentiam

196 1305 403 1368 mercatum
425 1288 671 1377 construendi,
697 1287 736 1366 δι
750 1292 986 1367 mercimonia
1002 1293 1252 1371 exercendiin
1266 1292 1370 1371 omui
1384 1290 1463 1369 sab-

195 1394 366 1471 unorum
388 1392 474 1479 die,
508 1414 596 1466 cum
618 1392 741 1467 banno
765 1392 804 1469 ὅ(
825 1392 1021 1482 theloneo,
1053 1393 1278 1485 ssvecunsia
1310 1393 1461 1495 publica

195 1496 394 1581 sunstione,
421 1490 573 1591 ejusque
588 1493 753 1571 utilitate
768 1495 942 1593 perhanc
958 1495 1116 1572 nostram
1127 1496 1386 1596 praeceptalem
1392 1518 1459 1595 pa·

193 1598 320 1693 ginam
335 1610 509 1696 perpetuo
529 1592 613 1689 jure
635 1596 868 1672 concedimus
902 1610 1014 1693 atque
1036 1600 1237 1693 largimur,
1270 1622 1314 1674 ac
1327 1599 1374 1674 de
1388 1622 1456 1673 no·

194 1698 266 1773 stro
282 1699 445 1773 dominio
470 1698 510 1771 in
521 1718 651 1771 eorum
667 1698 873 1773 dominium
894 1697 937 1773 sc
947 1696 1162 1795 potestatem
1173 1698 1324 1772 omnino
1337 1712 1456 1776 trans·

193 1799 410 1887 fundimus,
437 1822 482 1873 ea
501 1798 673 1874 videlicet
694 1798 863 1887 ratione,
895 1810 940 1873 ut
959 1798 1153 1896 praedisius
1178 1798 1307 1873 Bobbo
1320 1798 1458 1887 abbas,

108 1898 113 1911 '
187 1900 349 1998 ejusque
370 1898 607 1988 successores,
633 1900 856 2000 praescriptae
886 1899 1024 1974 scilicet
1047 1899 1208 1977 abbatiae
1238 1897 1462 1998 provisores,

192 2004 242 2077 de
268 2002 536 2101 praenominato
557 2016 746 2091 mercato,
774 2002 914 2089 banno,
941 2000 1132 2089 theloneo,
1155 2000 1219 2075 seu
1231 1998 1313 2096 ejus
1325 2000 1464 2075 utilita-
1552 2042 1556 2048 »

193 2104 299 2179 tibus
318 2104 451 2179 dehinc
476 2104 631 2179 liberam
654 2104 823 2179 habeant
846 2102 1087 2201 potestatem,
1114 2103 1290 2199 quicquid
1306 2101 1362 2176 eis
1388 2102 1466 2200 pla·

189 2206 310 2281 cuerit
330 2258 340 2292 ,
365 2205 544 2291 facIendi,
570 2206 737 2280 omniurn
762 2205 960 2279 hominum
992 2204 1277 2279 contradiitione
1308 2216 1462 2281 remota

190 2308 241 2382 Et
266 2320 312 2381 ut
325 2306 406 2381 haec
431 2306 561 2381 nostrae
576 2306 788 2382 donationis
809 2304 1006 2384 austoritas
1031 2304 1222 2381 stabilis&
1253 2302 1466 2382 inconvulsa

190 2408 293 2483 omni
318 2420 531 2506 permaneat
552 2422 741 2506 tempore,
769 2406 841 2483 hoc
862 2420 1091 2509 praeceptum
1107 2406 1193 2481 inde
1218 2406 1357 2481 conseri
1384 2420 1466 2481 uun

191 2532 308 2611 manu
333 2509 477 2609 propria
497 2509 803 2598 corroborantes,
829 2509 947 2607 sigilio
963 2508 1081 2585 nostro
1105 2505 1266 2605 infigniri
1283 2505 1328 2604 ju
1354 2528 1464 2583 rmus.

190 2612 428 2688 Eberhardus
441 2612 681 2689 cancellarius
696 2612 781 2688 vice
795 2610 948 2707 Wriigisr
957 2609 1244 2711 archicapellani
1251 2606 1482 2706 recognoviv
1727 2683 1733 2694 ,

188 2714 292 2790 Data
308 2713 421 2811 pridie
436 2736 552 2789 nonas
575 2713 819 2800 Novembris,
845 2713 1040 2790 indifflone
1054 2713 1118 2799 VI,
1144 2736 1243 2789 auno
1256 2712 1465 2789 Dominicae
1508 2706 1640 2793 ’ᾼΝῠῖδ

188 2813 456 2889 incarnationis
481 2812 619 2898 MVHI,
634 2838 730 2887 anno
753 2836 843 2889 vero
869 2816 1011 2891 domini
1043 2814 1212 2891 Heinrici
1235 2812 1381 2893 secundi
1406 2834 1464 2891 re·
1523 2806 1619 2873 ΜΒ·
1689 2850 1695 2860 ’

187 2913 346 3011 gnanus
359 2910 441 2988 Vll.
492 2906 630 2985 nuum
657 2913 689 2984 Τ
685 2916 808 2985 reviris
821 2915 975 2991 feliciter
987 2938 1110 2993 amen,
1543 2952 1548 2959 v

705 3108 988 3205 LXXXXII.

371 3240 557 3355 Heinriei
574 3242 620 3329 de
643 3242 766 3352 barino
783 3246 956 3357 forestis
983 3244 1027 3334 in
1053 3205 1291 3340 Otanawult.

190 3423 246 3549 In
261 3410 412 3488 nomine
428 3410 559 3483 sanstae
573 3404 613 3483 &
638 3404 838 3487 individuae
862 3410 1062 3489 Trinitatis.
1088 3416 1328 3491 Harunrcus
1342 3413 1469 3489 divina

246 3513 401 3588 favente
417 3510 611 3585 clementia
628 3531 708 3583 rex.
761 3509 801 3583 Si
817 3508 947 3609 nostrae
961 3515 1107 3612 pietatis
1132 3535 1279 3601 aurem,
1304 3515 1469 3589 maxime

192 3614 236 3688 in
252 3610 503 3688 ecclesrasticis
519 3614 628 3688 rebus
644 3610 841 3705 augendis,
865 3614 1070 3710 praebemus
1086 3614 1321 3713 petitionibus
1337 3612 1481 3701 nostro,
1619 3636 1635 3651 ·

192 3736 288 3789 rum
304 3713 492 3801 fidelium,
517 3714 652 3791 divinae
668 3712 817 3810 pietatis
831 3712 936 3815 super
951 3741 1019 3793 nos
1034 3715 1232 3815 respesnnn
1254 3716 1376 3811 magis
1387 3716 1471 3791 inde

197 3814 395 3893 credimus
411 3813 629 3905 affuturum,
655 3838 793 3911 eosque
807 3816 906 3894 circa
919 3842 987 3895 nos
1002 3818 1205 3916 sagaciores
1220 3815 1405 3893 serviendo
1420 3818 1471 3895 es·

145 3914 150 3921 ’
199 3916 357 3995 ficimus
385 3940 429 3993 ac
454 3918 670 3997 devotiores.
697 3918 927 4103 Quaproptplr
952 3923 1121 4001 omnium
1135 3935 1214 4001 tam
1238 3919 1476 4025 praesentium

444 4049 447 4057 .
1307 4046 1420 4125 quam
