4000 5417
425 406 529 487 Sec.
559 401 620 482 IX
646 392 906 503 Lufnovrco
934 346 1275 485 (isanhart.
1430 414 1478 508 ⁶³

211 570 567 597 w

210 716 338 816 scopus
361 712 402 791 &
425 710 545 785 ‘reslor
561 706 788 797 monasterii,
813 706 921 804 cujus
938 710 1164 785 vocabulum
1179 708 1232 785 est
1255 710 1480 801 lauresham,

207 818 310 915 quod
318 815 370 892 eli
388 810 630 889 constmttum
644 810 830 885 inhonore
847 812 1044 887 beatorum
1069 812 1314 911 apostolorum
1327 812 1427 889 Petri
1440 812 1480 891 δι

207 919 344 1005 Pauli,
372 916 435 991 ubi
447 912 486 990 a
501 910 640 987 santius
656 912 836 989 Nazarius
851 928 997 1009 martyr
1011 935 1162 1013 corpore
1169 914 1371 1013 requiescit,
1379 916 1479 1012 quod

208 1020 263 1096 est
277 1016 386 1093 situm
401 1018 439 1090 in
454 1037 548 1113 pago
563 1009 712 1111 Renense
726 1012 830 1113 super
842 1013 998 1091 fluvium
1030 1014 1195 1111 Wesgoz,
1221 1016 1357 1093 obtulit
1370 1018 1477 1093 obtu-

209 1122 310 1198 tibus
325 1117 452 1193 nolitis
466 1114 720 1191 austoritatem
743 1116 1151 1193 immunitatisdomini
1165 1116 1205 1195 dt
1219 1118 1397 1217 genitoris
1411 1142 1476 1196 no-

209 1222 269 1297 stri
296 1222 402 1297 bonae
422 1217 615 1295 memoriae
641 1216 851 1293 Lunowrcr
876 1219 1016 1316 piissimi
1038 1217 1220 1317 Augusti,
1247 1221 1375 1319 inqua
1390 1243 1476 1297 con·

208 1324 393 1401 tinebatur
414 1318 616 1395 insertum:
643 1318 803 1414 qualiter
823 1319 921 1395 idem
953 1322 1096 1416 genitor
1110 1320 1230 1397 noster
1248 1322 1368 1423 ipsum
1395 1345 1476 1398 mo-

208 1424 405 1503 nasterium
430 1422 478 1497 ob
499 1441 669 1496 amorem
703 1420 804 1507 Dei,
836 1422 1200 1523 tranquilitatemque
1229 1424 1385 1502 stabam
1407 1424 1477 1503 ibi·

208 1530 295 1603 dem
311 1522 578 1601 consistentium
602 1520 745 1620 semper
766 1520 830 1599 sub
855 1523 1057 1622 plenillima
1074 1526 1282 1603 tuitione&
1298 1528 1476 1603 immuni·

207 1630 297 1707 tatis
332 1624 534 1702 defensione
567 1624 614 1702 ab
638 1624 741 1697 omni
772 1624 1024 1719 inquietudine
1052 1622 1257 1721 judiciariae
1288 1629 1475 1727 potestatis

208 1728 397 1807 consistere
420 1724 581 1816 fecisset,
608 1738 755 1824 propter
775 1724 990 1801 firmitatem
1016 1739 1144 1801 tamen
1163 1730 1218 1802 rei
1245 1730 1476 1825 postulavita

206 1832 317 1909 nobis
334 1828 529 1927 praedibus
554 1826 707 1902 Samuel
728 1825 918 1924 episcopus
942 1826 981 1901 δι
997 1826 1112 1901 retlor
1125 1826 1236 1925 ipsius
1255 1830 1477 1919 monasterii,

207 1949 253 2009 ut
269 1946 468 2031 paternum
483 1950 623 2003 morem
639 1928 829 2025 sequentes
843 1924 1098 2021 hujuscemodi
1122 1922 1253 2007 nostrae
1265 1931 1478 2006 immunita·

205 2036 260 2111 tis
277 2029 570 2131 praeceptum‚ob
584 2029 830 2105 reverentiam
846 2026 955 2103 sandi
969 2028 1118 2105 Nazarii
1132 2030 1319 2127 martyris,
1335 2032 1399 2129 qui
1414 2032 1481 2107 ibi·

208 2136 299 2211 dem
315 2154 465 2231 corpore
480 2130 698 2227 requiescit,
725 2132 824 2205 circa
846 2130 964 2227 ipsum
987 2128 1249 2207 monasterium
1269 2130 1482 2207 siericense·

208 2256 364 2325 remus3
392 2230 498 2327 cujus
519 2231 684 2330 petitioni
699 2232 857 2307 libenter
878 2229 1059 2305 assensum
1080 2234 1329 2329 praebemus,
1354 2234 1394 2311 tc
1409 2234 1481 2309 hoc

209 2336 340 2415 nostrae
355 2332 577 2410 austoritatis
591 2348 818 2432 praeceptum
834 2354 922 2427 erga
936 2332 1057 2431 ipsum
1072 2332 1331 2409 monasterium
1346 2333 1387 2411 de
1400 2358 1481 2411 mo-

209 2438 350 2516 nachos
364 2435 498 2511 ibidem
507 2434 584 2511 Deo
600 2435 816 2522 militantes,
831 2433 1202 2532 irnmunitatisatque
1216 2436 1400 2525 tuitionis,
1416 2436 1480 2511 fir·

209 2538 354 2617 mitatis
369 2538 497 2634 gratia,
511 2558 576 2635 pro
584 2536 698 2619 divini
713 2536 839 2616 cultus
866 2558 992 2610 amore
1007 2534 1047 2612 de
1061 2536 1199 2613 ammae
1213 2535 1344 2616 nostrae
1357 2560 1479 2615 reme·

209 2641 368 2729 dio,lieri
381 2640 630 2726 decrevimus,
657 2661 721 2737 per
733 2637 837 2735 quod
851 2638 1089 2736 praecipimus
1104 2652 1218 2737 atque
1229 2638 1421 2736 jubemus,
1436 2655 1480 2716 ut

210 2745 337 2821 nullus
348 2739 462 2835 judex
482 2740 648 2836 publicas
662 2742 723 2815 vel
745 2740 925 2835 quislibet
938 2762 985 2813 ex
997 2737 1196 2834 judiciaria
1210 2740 1397 2841 potestate,
1413 2755 1481 2821 aut

210 2846 316 2920 ullus
336 2862 387 2913 ex
408 2838 575 2911 fidelibus
596 2838 720 2911 nostris
736 2852 817 2913 tam
842 2838 1079 2935 praesentibus
1091 2866 1209 2938 quarn
1224 2842 1262 2919 &
1278 2844 1426 2931 suturis,
1439 2842 1480 2919 in

212 2939 386 3020 ecclefias
413 2949 479 3013 aut
499 2937 582 3011 loca
607 2937 669 3009 vel
684 2959 791 3031 agros
815 2935 877 3012 seu
900 2940 1061 3037 reliquas
1075 2941 1299 3041 possessiones
1318 2944 1480 3045 praedicti

213 3040 442 3138 monasterii,
458 3061 552 3137 quas
568 3036 746 3111 moderno
760 3050 922 3137 tempore
937 3040 1208 3139 inquibuslibet
1213 3047 1320 3144 pagis
1334 3047 1393 3123 vel
1407 3060 1481 3123 ter·

213 3146 347 3224 ritoriis
363 3142 459 3218 infra
474 3142 653 3221 ditionem
669 3139 770 3233 regni
786 3140 891 3215 nostri
900 3138 994 3237 juste
1010 3142 1048 3220 dt
1063 3145 1232 3239 legaliter
1244 3148 1403 3246 poffidet,
1420 3148 1482 3223 vel

213 3271 300 3347 quac
323 3246 495 3343 deinceps
519 3265 544 3316 a
559 3238 751 3314 catholicis
776 3240 865 3317 viris
880 3242 1002 3319 eidem
1026 3245 1172 3322 collatae
1196 3246 1330 3347 suerint
1351 3270 1482 3323 mona·

214 3350 332 3436 sterio,
348 3345 396 3423 ad
412 3344 542 3421 causas
561 3339 774 3429 audiendas,
782 3344 842 3417 vel
855 3344 959 3439 freda
974 3358 1040 3421 aut
1052 3347 1191 3421 tributa
1205 3351 1398 3445 exigenda,
1416 3360 1483 3423 aut

214 3446 421 3529 mansiones
454 3444 516 3519 vel
565 3452 688 3517 aratas
708 3440 922 3539 faciendas,
956 3458 1024 3520 aut
1047 3444 1266 3541 fidejussores
1281 3450 1483 3537 tollendos,

215 3568 280 3633 aut
293 3549 465 3627 homines
491 3466 599 3643 ipsius
621 3542 829 3620 monasterii
846 3560 926 3620 tam
947 3544 1126 3639 ingenuos
1148 3570 1262 3641 quam
1278 3549 1411 3637 servos,
1427 3550 1484 3624 su·

211 3678 280 3756 per
295 3668 436 3731 terram
450 3646 554 3745 ipsius
580 3656 873 3734 commanentes,
887 3642 1015 3740 injuste
1042 3645 1321 3741 distringendos,
1348 3664 1413 3726 aut
1427 3652 1483 3727 ul-

212 3762 273 3833 las
301 3749 565 3836 redibitiones,
599 3760 666 3823 aut
690 3748 839 3841 illicitas
864 3744 1069 3822 occasiones
1093 3750 1342 3845 requirendas,
1356 3752 1483 3830 nostris

211 3880 281 3935 nec
296 3852 432 3931 futuris
447 3851 671 3950 temporibus
685 3849 826 3947 ingredi
840 3850 992 3939 audeat,
1009 3872 1078 3926 nec
1092 3873 1155 3940 ea,
1183 3876 1269 3949 quae
1284 3853 1390 3953 supra
1405 3878 1481 3932 me·
1592 3918 1595 3922 ,

211 3970 360 4047 morata
375 3952 484 4045 sunt,
509 3952 654 4057 penus
670 3954 820 4054 exigere
834 3950 1037 4055 praesumat
1049 4006 1062 4043 ‚
1076 3952 1138 4031 sed
1153 3954 1265 4035 liceat
1278 3972 1482 4039 memorato

423 4120 427 4131 .
1336 4084 1432 4165 pne·
