4000 5417
599 446 654 498 ru
683 440 810 498 enno
837 419 1131 496 Rnuuzusr.
1437 445 1511 520 295

1333 587 1511 608 m

233 735 437 832 quididem
461 727 649 808 Rudolsus
663 726 800 803 habere
816 723 916 801 visus
929 725 1020 814 fuit,
1047 725 1093 800 de
1115 725 1310 802 medietate
1325 726 1507 806 bonorum

84 877 89 887 -
232 837 380 914 suorum
403 891 414 919 ‚
440 830 602 920 mansis,
627 829 795 927 campis,
821 828 962 926 pratis,
989 827 1155 927 pascuis,
1181 827 1341 928 perviiS,
1367 827 1505 908 srlvisa

230 939 291 1014 die
304 939 472 1038 praesenti
480 933 711 1034 stipulatione
726 929 892 1006 subnixa.
906 928 1045 1006 Auum
1059 931 1100 1008 in
1108 930 1325 1008 monasterio
1351 931 1501 1008 Lauros·-

230 1041 312 1115 nam
325 1041 361 1116 X
373 1039 521 1114 kalend
537 1035 681 1119 Octobr.
695 1032 852 1127 Signum
868 1033 1063 1110 Grimoldi.
1080 1035 1341 1132 Regimbertus
1353 1033 1498 1134 scripsit.
1531 1065 1584 1114 22·
1603 1047 1689 1134 Sept.

229 1142 304 1220 Hae
318 1164 377 1217 res
390 1141 430 1218 in
454 1139 619 1244 Rorheior
633 1134 816 1235 superiore
830 1133 907 1220 srtae
927 1135 1021 1211 sunt.

744 1333 1016 1431 CLXXXV.

254 1475 434 1568 nonam
452 1469 1009 1592 rarrfrrurrmargarrae
1030 1471 1082 1568 rr
1098 1473 1240 1564 uuor
1266 1415 1496 1564 rnurrma.'

344 1588 507 1680 rosbech
526 1616 630 1676 anno
645 1583 815 1675 XLIII
825 1583 941 1694 regni
957 1585 1103 1672 domini
1125 1584 1246 1696 nostri
1262 1587 1409 1678 Karoli

423 1702 562 1815 magni
589 1693 878 1814 imperatoris,
903 1695 1117 1808 Aduluogo
1142 1699 1293 1785 abbate.

221 1877 324 2008 Nos
343 1867 383 1943 in
408 1867 478 1943 Dei
510 1865 658 1942 nomine
684 1861 887 1950 Rathsrid,
913 1859 953 1939 δι
977 1859 1181 1956 Adalgart,
1207 1859 1246 1936 &
1263 1861 1404 1940 Eoleob
1427 1889 1470 1964 pr

305 1969 469 2043 remedio
494 1969 630 2043 animae
680 1967 880 2060 Biligardae
903 1964 1086 2038 donamus
1111 1964 1159 2038 ad
1180 1961 1341 2039 sanetum
1368 1965 1494 2044 Naza-

178 2085 181 2089 ·
220 2067 322 2144 rium
346 2084 550 2166 martyrem
575 2065 735 2155 christi,
757 2067 822 2163 qui
846 2065 1039 2162 requiescit
1060 2067 1098 2140 in
1124 2085 1274 2163 corpore
1294 2065 1334 2140 in
1365 2089 1494 2145 mona.

219 2169 339 2259 sterio,
347 2172 447 2267 quod
462 2185 616 2246 vocatur
628 2168 874 2256 Lauresham‚
890 2169 929 2242 in
939 2193 1033 2266 pugo
1060 2168 1206 2268 Rimust,
1225 2167 1261 2240 iu
1275 2167 1378 2255 villa,
1407 2193 1490 2268 qnae

217 2273 357 2348 dicitur
367 2271 637 2356 Elimaresbach,
644 2269 659 2364 j
687 2268 914 2364 mansum&
932 2269 1110 2366 quidquid
1126 2271 1173 2342 ad
1187 2269 1304 2366 ipsum
1322 2273 1491 2348 mansum

261 2375 399 2460 rtinet,
426 2373 609 2450 tradimus
623 2384 736 2466 atque
762 2366 1058 2446 transfundimus
1079 2367 1190 2465 injus
1214 2369 1253 2446 ἃ
1278 2371 1488 2452 dominium

213 2398 323 2552 iaenffi
337 2474 508 2564 Nazarii,
533 2474 606 2562 ita,
633 2487 677 2548 ut
690 2473 738 2548 ab
749 2472 822 2548 hac
844 2473 903 2547 die
917 2473 956 2549 ὅ(
970 2473 1153 2572 deinceps,
1167 2471 1434 2570 usqurmuum
1450 2478 1489 2554 in
1662 2565 1663 2570 Ν

213 2575 431 2653 monasterio
455 2575 753 2652 murnum>
779 2575 905 2650 uem
930 2576 1014 2650 irus
1039 2575 1138 2676 pm.
1191 2575 1350 2676 signum
1367 2579 1487 2654 uatn-
1526 2576 1576 2644 1³·
1590 2557 1654 2634 m

213 2678 300 2754 sridi
316 2677 355 2756 δι
382 2676 610 2774 Adalgardae
627 2675 667 2754 &
683 2677 835 2764 Eoleob,
851 2677 915 2774 qui
928 2677 1026 2753 hanc
1048 2679 1285 2754 donationem
1301 2677 1487 2771 fecerunt,

211 2779 276 2875 sig.
293 2778 452 2863 Osirich,
476 2779 727 2872 Haiminingi,
751 2779 919 2867 Otberti,
944 2779 1380 2870 Abbonis,.Radrdolfi,
1409 2785 1485 2860 Ra·

212 2878 384 2969 baningi,
408 2876 607 2952 Herimari.
658 2879 742 2973 Ego
767 2878 962 2958 Altwinus
987 2883 1085 2961 hanc
1107 2883 1344 2960 donationem
1376 2905 1484 2982 roga·

212 2994 275 3055 tus
297 2971 489 3074 subscripsi.

691 3075 1000 3206 rfflffl.

209 3206 390 3330 Donntr‘o
405 3203 614 3334 Emessam}
629 3205 682 3330 ἔξ
698 3196 912 3318 hibernia
933 3212 974 3333 ip
990 3214 1119 3301 eadem
1136 3214 1229 3301 villo
1237 3209 1361 3328 sudio
1373 3245 1476 3303 nuno

236 3320 361 3416 XXI
371 3317 492 3436 'regni
506 3316 654 3407 dommi
667 3320 942 3432 nostrilsuroli
959 3327 1097 3439 magui
1110 3326 1445 3442 glorioſsimperu-
1604 3395 1610 3406 .

556 3433 681 3536 toris,
707 3434 955 3526 Riclrbodone
973 3441 1124 3525 abbate.

203 3611 258 3738 In
273 3597 407 3675 Christi
420 3599 570 3675 nomine
585 3625 654 3677 nos
679 3601 812 3678 Fricko
827 3601 865 3677 dt
880 3602 1056 3679 Eberwin
1069 3626 1134 3701 pro
1150 3604 1275 3678 anima
1286 3603 1473 3692 Waldolfi,

257 3702 356 3798 quod
377 3700 442 3774 ille
464 3701 573 3777 nobis
599 3705 779 3792 tradidit,
803 3703 986 3778 donamus
1010 3702 1058 3778 ad
1084 3705 1243 3779 faustum
1270 3703 1472 3780 Nazarium

203 3815 422 3899 martyrem,
436 3802 498 3898 qui
515 3806 707 3900 requiescit
720 3809 917 3904 incorpore
929 3805 970 3880 in
984 3805 1218 3894 monasterio,
1246 3805 1344 3901 quod
1359 3829 1469 3882 voca·

202 3919 263 3980 tur
289 3902 531 3991 Lautesham,
545 3905 624 3983 ‘hoc
636 3907 688 3983 est
712 3932 792 3985 rem
806 3910 845 3982 in
855 3932 949 4007 pago
962 3907 1100 4011 Riurnst
1115 3961 1125 3997 ,
1151 3907 1189 3982 in
1201 3907 1304 3994 villa,
1319 3923 1402 4003 quae
1416 3910 1471 3983 di·

202 4009 298 4084 citur
319 4003 606 4098 Elimorrsbach,
631 4010 670 4089 dc
683 4011 723 4088 in
747 4011 915 4099 Loesium,
940 4010 1471 4188 dseQffltsfflss-pl-Qda
1540 4055 1628 4115 ⁴³:15

1368 4138 1415 4191 uo
