4000 5417
565 439 637 534 ⁵3⁶
993 431 1356 510 Tornrrrouns

568 751 723 839 petuum
739 735 807 812 else
825 735 910 812 volo
937 733 1137 835 petiolnmj
1162 735 1210 808 de
1224 733 1373 822 manso,
1399 735 1440 809 in
1453 759 1528 832 qua
1551 735 1739 811 horreum
1766 737 1857 813 aedi·

457 921 463 933 ,
570 839 680 915 ficavi
693 871 705 926 ·,
733 836 772 913 in
788 837 956 935 Clopsrer'm
982 837 1081 912 adie
1100 835 1295 935 praesenti,
1321 851 1364 912 ut
1383 836 1556 937 deinceps
1578 839 1627 912 ad
1642 837 1776 936 ipsum
1801 838 1856 911 Io-

317 1023 322 1032 „
416 992 418 1000 ι
571 964 659 1016 cum
676 940 837 1018 [anuum
850 939 949 1014 omni
965 953 1130 1038 tempore
1151 937 1318 1036 proficiat
1331 939 1371 1012 in
1385 940 1597 1036 augmentis
1611 937 1857 1037 stipulatione

304 1085 308 1092 ’
384 1083 439 1153 ²⁷·
453 1063 540 1148 ¹³⁰⁸·
573 1038 1528 1222 {illususlururstrlrurlu³²¹
1548 1041 1857 1218 'suist

575 1245 700 1333 bonis,
727 1165 1151 1341 quihaucilonationem
1164 1243 1270 1332 secit,
1286 1242 1428 1340 signum
1453 1165 1857 1344 gmlffi’gflmholffi,

574 1345 748 1428 flabonis.
800 1343 1011 1422 (trinarius
1035 1343 1186 1444 scripfin
1485 1352 1492 1365 ‘

1124 1545 1326 1641 DCXIII.

825 1678 1007 1775 Donotio
1033 1680 1250 1772 Hordrlrdi
1273 1680 1326 1778 si
1354 1677 1612 1793 Regiubusdi.

578 1852 679 1988 Nos
694 1847 733 1924 in
759 1846 828 1924 Dei
850 1848 996 1924 nomine
1022 1847 1190 1923 Har'drat
1210 1845 1249 1924 dr
1275 1847 1475 1942 Reginbalt
1493 1847 1680 1925 donamus
1707 1846 1757 1924 ad
1773 1845 1853 1922 san·

664 1951 761 2026 sium
776 1949 908 2028 Christi
923 1961 1126 2046 martyrem
1148 1949 1351 2026 Nazarium
1366 1947 1437 2024 dte.
1465 1950 1566 2046 quod
1580 1951 1685 2025 nobis
1698 1949 1854 2025 tradidit

581 2053 739 2142 Gozrat‚
764 2053 835 2128 hoc
851 2051 927 2140 est,
954 2066 1097 2151 partem
1113 2050 1306 2126 dimidiam
1333 2047 1448 2124 manli
1469 2051 1509 2125 in
1535 2050 1726 2149 Clophsrrim
1740 2051 1782 2128 ἀ
1798 2046 1853 2144 rjj

576 2153 714 2251 jornal.
730 2155 776 2230 de
790 2167 887 2232 terra
903 2153 1092 2241 aratoria,
1119 2152 1158 2228 &
1172 2152 1210 2226 in
1236 2149 1462 2247 Masinowaj
1488 2167 1654 2251 pratum,
1673 2153 1760 2228 haec
1778 2165 1856 2226 tra·

580 2255 707 2332 dimus
741 2269 853 2352 atque
877 2253 1175 2331 transfundimus
1195 2254 1235 2329 in
1259 2252 1329 2327 Dei
1348 2254 1497 2330 nomiue
1517 2254 1777 2353 perpetualiter
1802 2251 1855 2327 ad

582 2355 829 2458 poffidendum
844 2356 1076 2455 stipulatione
1089 2354 1258 2432 subnixa.
1310 2352 1447 2430 Asium
1460 2356 1498 2429 in
1511 2355 1722 2429 monasterio
1743 2353 1854 2426 [au-

389 2483 443 2549 aa.
456 2467 544 2538 Febr.
584 2461 719 2532 rosham
734 2459 768 2532 ll
789 2457 968 2530 kalendas
982 2456 1121 2543 Martii,
1147 2480 1245 2533 anno
1257 2455 1364 2532 XIIII
1378 2454 1475 2552 regui
1488 2455 1622 2530 domini
1636 2451 1742 2527 nostri
1760 2452 1853 2524 Ka-

585 2557 656 2634 roli
669 2557 765 2651 regis
781 2554 935 2649 gloriofi.
977 2555 1137 2650 Signum
1162 2557 1389 2647 Haridradi‚
1412 2555 1469 2654 qui
1488 2555 1583 2630 hanc
1605 2550 1855 2628 donationem

584 2655 696 2744 fecit,
723 2653 866 2752 lignum
905 2656 1154 2751 Reginbaldi,
1179 2659 1356 2749 Geroldi,
1382 2657 1571 2757 WIgonis,
1597 2650 1856 2741 lirinansridi,

584 2756 799 2842 Beinlrardi.
850 2755 1146 2860 Ausoltscripsrt.

1114 2971 1317 3067 DCXIV.

824 3102 1005 3194 Duratio
1031 3104 1248 3196 Hurtberti
1274 3106 1317 3194 iu
1343 3105 1472 3195 endem
1500 3108 1609 3197 uilla.

586 3279 689 3410 Ego
703 3269 741 3346 in
765 3268 833 3346 Dei
849 3271 998 3346 nomine
1025 3273 1250 3357 Hartbertns
1272 3294 1338 3372 pro
1353 3275 1520 3350 remedio
1534 3274 1669 3352 animae
1691 3270 1857 3350 Sarbern

667 3373 763 3448 dono
795 3371 844 3447 ad
865 3371 1027 3448 faustum
1054 3374 1187 3452 Christi
1200 3367 1414 3471 'martyrem
1454 3377 1657 3454 Nazarium
1677 3372 1748 3452 &n
1774 3394 1856 3450 rem

589 3496 704 3571 quam
727 3472 797 3572 ipse
812 3472 904 3548 mihi
930 3475 1083 3552 tradidit
1102 3477 1141 3552 in
1154 3500 1250 3576 pago
1275 3477 1538 3564 Lobodonenfi,
1553 3480 1594 3554 in
1618 3477 1788 3576 cupiam
1802 3501 1855 3550 xx

584 3573 721 3672 jurnal.
737 3575 782 3650 de
796 3589 892 3651 terra
907 3576 1036 3652 arabili
1052 3602 1075 3654 a
1089 3579 1149 3653 die
1162 3579 1328 3677 praesenti
1341 3577 1411 3656 &o
1464 3577 1603 3656 Atium
1625 3579 1665 3653 in
1678 3577 1860 3653 monsile-

410 3707 463 3758 11.
478 3684 549 3754 Οθι.
591 3677 646 3753 rio
669 3677 883 3751 Laureolum
897 3677 931 3753 V
949 3679 1033 3754 idus
1058 3681 1198 3756 Osiobr.
1222 3705 1319 3757 anno
1341 3681 1447 3759 XXV
1461 3683 1565 3776 regni
1586 3679 1727 3756 domini
1749 3679 1859 3754 nostri

591 3779 716 3854 Karoli
732 3778 971 3876 imperatoris.
1026 3780 1184 3877 Signum
1199 3783 1407 3871 Hariberti,
1432 3783 1495 3878 qui
1510 3783 1608 3858 hanc
1621 3781 1861 3858 donationem

590 3878 696 3965 fecit.
713 3877 863 3974 ,signum
879 3880 1066 3968 Rutberti‚
1094 3883 1310 3976 wolfberti,
1336 3884 1545 3982 Regilonis,
1570 3883 1768 3986 Erpholdi,
1782 3884 1860 3960 Iei-

590 3980 697 4060 tradi.
725 3981 971 4080 Reginbertus
985 3981 1129 4084 scripsit.
1359 4005 1372 4017 ·
