4000 5417
531 421 636 500 Suc.-
663 417 736 498 x11
761 420 1007 500 connino
1032 369 1084 499 Ili
1108 440 1259 497 anca.
1444 433 1521 524 243'
1647 431 1652 438 '

1340 641 1516 662 Ἣ

242 751 359 828 neque
374 725 549 827 pecunia,
564 745 684 822 neque
697 723 873 800 beneficio
887 724 1080 800 introitum
1097 723 1257 800 suumin
1272 725 1397 820 aliquo
1411 745 1512 798 corn·

242 829 449 906 maculasse.
476 826 696 926 Supervenit
710 825 825 902 etiarn
839 826 917 925 ipsa
931 827 989 900 die
1006 825 1142 920 legatio
1169 827 1307 901 domini
1321 825 1511 919 regiscuru

241 931 375 1024 litteris
389 929 499 1028 iphus
513 929 552 1002 in
567 927 699 1012 eadem
714 932 854 1018 verba,
880 925 973 1002 nihil
989 949 1170 1024 umquam
1194 927 1338 1028 praemii
1351 928 1385 1002 se
1407 950 1511 1002 acce·

241 1031 327 1131 pisse
344 1055 461 1129 quam¹
473 1030 628 1105 lirmiter
649 1029 921 1106 adtestantibus.
974 1027 1098 1124 Hujus
1113 1031 1166 1106 rei
1187 1029 1433 1106 testimonium
1454 1029 1511 1102 di·

241 1155 358 1228 gnum
373 1133 548 1210 duximus
561 1133 609 1207 ad
618 1153 725 1206 aures
750 1132 859 1206 santii
875 1128 1095 1228 apostolatus
1109 1130 1217 1207 vestri
1233 1130 1383 1218 dehrre
1396 1151 1512 1226 quem
1575 1150 1580 1160 ·

241 1233 365 1312 &hoc
399 1233 568 1334 cupimus
591 1233 748 1321 rescire,
780 1231 937 1329 quiade
962 1231 1225 1329 possessionibus
1244 1235 1306 1308 vel
1330 1231 1511 1308 thesauris

181 1402 187 1413 .
241 1335 422 1425 ecclefiae,
447 1359 541 1433 quos
557 1335 721 1422 invenit,
747 1333 863 1408 nichil
878 1329 1058 1430 umquam
1072 1335 1256 1423 distraxit,
1284 1349 1350 1411 aut
1362 1334 1511 1422 minuit,

242 1435 303 1512 sed
317 1438 457 1538 semper
483 1439 662 1537 ampliare
679 1435 976 1530 &augmentare
998 1435 1145 1512 studuit.
1197 1437 1304 1513 Unde
1327 1436 1366 1513 dt
1388 1436 1511 1512 homi·

111 1606 114 1612 .
242 1561 308 1615 nes
325 1539 518 1636 saeculares
532 1537 679 1614 infestos
694 1538 855 1614 cernitur
869 1535 1033 1626 habere,
1059 1539 1121 1635 qui
1134 1537 1274 1636 semper
1288 1538 1450 1615 solebant
1471 1539 1514 1616 in

244 1641 329 1716 suos
345 1627 435 1718 usus'
453 1665 513 1716 res
528 1641 688 1718 ecclesiae
712 1637 922 1712 distrahere.
974 1638 1017 1712 ln
1029 1639 1100 1712 hoc
1113 1661 1202 1733 ergo
1222 1637 1424 1716 testimonio
1444 1663 1511 1715 cu·

241 1744 367 1843 pimus
393 1765 481 1818 eum
503 1742 632 1819 sanstae
651 1739 868 1840 paternitati
893 1736 1022 1814 vestrae
1035 1738 1103 1811 else
1118 1741 1441 1828 commendatum,
1466 1753 1511 1816 ut

116 1925 118 1930 ,
243 1839 332 1940 quia
345 1842 577 1938 etiarnjuxta
591 1841 897 1917 ammonitionem
906 1837 1064 1914 nostram
1080 1839 1391 1914 conversationem
1406 1840 1513 1914 suam

242 1944 453 2020 melioravit
468 1942 680 2020 &fratrum
696 1943 872 2030 suorum,
898 1939 1032 2016 sentiat
1046 1939 1082 2014 se
1104 1941 1152 2016 ab
1171 1937 1367 2037 apostolica
1388 1940 1512 2014 autio-

243 2046 355 2122 ritate
367 2046 627 2122 confirmatum
643 2045 721 2134 ,·&
737 2057 867 2122 contra
882 2065 1012 2128 omnes
1033 2041 1265 2120 adversantes
1280 2038 1346 2118 fibi
1360 2041 1424 2118 sub
1438 2039 1512 2118 tut·

241 2147 342 2223 tione
358 2147 456 2224 beati
480 2147 581 2224 Petri
594 2146 794 2224 defensum.
881 2199 885 2206 -
989 2185 994 2192 ·
1383 2153 1389 2157 ’

240 2338 532 2518 Folcnandus
558 2329 687 2465 igitur
704 2349 942 2482 compostis
959 2352 1001 2436 in
1017 2377 1119 2464 pace
1135 2349 1280 2452 rebus,
1310 2345 1364 2433 ad
1380 2341 1512 2462 dispo·
1600 2342 1602 2349 ’

285 2496 289 2504 ’
332 2462 521 2547 sirionem
539 2464 720 2551 ecclesiae
737 2459 907 2576 vigrlem
925 2460 1106 2549 intendit
1125 2459 1295 2548 oculum
1312 2522 1325 2563 ,
1340 2458 1450 2548 unde
1466 2459 1514 2546 dt

240 2571 349 2659 inter
367 2595 520 2670 caetera
538 2581 674 2664 curias
693 2573 891 2678 ,Friasto
954 2574 999 2662 dt
1017 2571 1328 2674 Romerslroven,
1354 2570 1426 2657 diu
1444 2573 1514 2656 ab·
1591 2579 1600 2603 ⁸

78 2679 87 2686 ’
206 2681 377 2788 latas,
405 2685 540 2800 multo
555 2687 698 2776 labore
718 2687 763 2774 dt
789 2690 890 2775 indu
947 2690 985 2774 'a
1004 2683 1134 2802 regali
1160 2682 1321 2772 auxilio
1344 2713 1442 2770 recu
1471 2712 1513 2766 e·

243 2800 386 2894 ravit,
415 2825 513 2905 quae
538 2819 682 2885 tamen
741 2799 801 2885 ost
825 2823 1010 2887 mortem
1032 2802 1144 2914 regis
1179 2796 1404 2888 Cumadia
1441 2797 1516 2896 uis·

245 2901 547 3020 obpressorlbus
566 2825 765 2992 reinvafae
783 2907 906 3009 sunt,
935 2937 1072 3022 neque
1089 2911 1314 3108 deinceps,
1342 2906 1438 2994 licet
1457 2910 1510 2994 ab

244 3017 446 3108 Heinrioo
463 3016 613 3104 abbate
631 3015 918 3106 instmtilfimis
935 3020 979 3105 id
1006 3022 1149 3109 studiis
1168 3024 1234 3108 eni
1251 3049 1326 3108 um
1342 3019 1389 3107 srt
1407 3080 1419 3122 ‚
1448 3048 1511 3105 re·

127 3221 134 3226 ,
246 3125 339 3216 colli
368 3131 655 3244 ipotuerunt,
681 3130 792 3244 apud
806 3135 1104 3249 imperatorem
1131 3135 1167 3228 F
1169 3135 1390 3221 tidericum
1435 3162 1511 3219 rae-

203 3353 205 3356 ·
277 3157 504 3330 onderante
523 3243 658 3356 magis
676 3233 935 3332 saecttlarium
943 3249 1077 3365 gratia
1093 3273 1221 3359 quam
1241 3247 1401 3335 'ustitia
1459 3243 1515 3328 κέ
1597 3285 1600 3289 ·

194 3458 198 3468 1
246 3270 353 3442 Furit
372 3351 492 3470 super
506 3354 585 3440 hoc
600 3359 889 3469 praeceptoriae
904 3354 1057 3443 litterae
1071 3360 1182 3550 repis
1242 3356 1401 3454 unradi‚
1419 3354 1509 3466 qui·

248 3468 328 3554 bus
355 3460 757 3557 Laurisannnensem
791 3466 1000 3552 ecclesiam
1019 3496 1107 3582 prae
1125 3472 1206 3552 atis
1231 3470 1357 3556 curiis
1391 3491 1512 3552 reve-

248 3579 332 3668 stiri
349 3581 582 3697 praecepit,
610 3581 653 3667 in
670 3578 781 3668 hunc
798 3575 994 3670 videlicet
1020 3579 1206 3668 modum
