4000 5417
472 383 577 461 Suc.
604 379 659 458 XI
685 319 1034 463 lluruurcolll
1058 401 1205 459 arna.
1414 413 1484 490 1751
1534 419 1539 426 ·

929 550 1489 578 anna-n———nn—-n-——q

215 689 320 778 lend.
350 686 623 788 Novembris,
641 713 749 768 anno
757 684 997 773 Dominicae
1016 688 1311 773 incarnationis
1327 687 1486 778 Muli

215 799 408 892 casulam
435 824 605 995 quopue
631 797 850 883 candidam
877 826 975 884 cum
1000 827 1050 884 ca
1078 827 1133 915 pa
1158 799 1203 888 dt
1224 829 1311 886 uno
1338 795 1486 886 doriali

212 913 400 1002 ccclefiaa
414 935 541 1000 contu
558 913 610 1013 it,
638 909 683 998 bt
701 908 912 998 eoclefiam
930 914 973 997 in
1052 911 1362 1000 antarulreslraim
1391 941 1486 1000 con·

209 1028 378 1117 struxit.
436 1025 614 1118 Praefuit
642 1027 760 1111 annis
776 1047 971 1137 quatuor.

325 1242 451 1330 Anno
466 1239 703 1328 Dominicae
721 1239 1029 1330 incarnationis.
1039 1304 1071 1328 ..
1088 1241 1187 1330 Post
1194 1239 1304 1328 hunc
1313 1268 1488 1356 quoquc

209 1353 435 1448 Udalricus
460 1385 545 1442 una
581 1355 772 1440 omnium
788 1383 894 1442 voce
919 1357 1008 1471 pari
1033 1379 1138 1444 voto
1166 1353 1363 1470 eligitur,
1394 1350 1481 1471 ipso

211 1465 406 1559 videlicet
423 1493 553 1573 anno,
581 1493 668 1580 quo
696 1465 920 1569 Heinricus
935 1473 1163 1582 imperator
1190 1470 1393 1558 Saxoniae
1411 1467 1480 1554 dc·

212 1581 363 1668 cedens
389 1579 526 1696 Spirae
542 1579 750 1694 appofitus
768 1581 825 1666 est
848 1579 898 1668 ad
919 1585 1063 1695 patres
1080 1577 1188 1668 suos.
1215 1579 1303 1691 Qui
1323 1583 1479 1698 positus

206 1689 335 1808 super
352 1691 647 1780 candelabrum
664 1755 676 1794 ,
704 1715 754 1778 ut
771 1689 930 1805 luceret
946 1693 1142 1779 omnibus
1168 1697 1211 1776 in
1228 1694 1355 1778 domo
1382 1695 1479 1796 Dei,

211 1804 413 1921 exemplo
440 1806 700 1892 antecelloris
728 1799 820 1907 sui,
850 1807 932 1920 piae
960 1808 1179 1890 memoriae
1215 1801 1482 1918 Reginbaldi,

212 1919 351 2005 studio
368 1921 523 2006 divinae
551 1916 759 2046 religionis
784 1921 974 2002 animum
999 1917 1246 2017 intendens,
1275 1913 1484 2002 eeclesam
1544 1935 1550 1943 ’

212 2031 451 2117 monasterii
469 2035 512 2116 in
531 2029 773 2122 Abrrnsberk
789 2028 919 2132 libris,
938 2025 1116 2131 tabulis,
1138 2030 1349 2130 crucibus,
1368 2057 1484 2132 auro,

211 2167 390 2256 argento
417 2159 549 2255 atque·
571 2145 698 2230 ebore
727 2143 935 2228 redimitis
965 2204 976 2244 ,
1007 2141 1292 2228 venustiffime
1313 2141 1483 2226 decora·

207 2259 304 2352 vit;
333 2251 505 2342 insulam
530 2283 700 2368 quoque
729 2259 1005 2370 proximam,
1044 2269 1141 2366 quae
1168 2254 1319 2340 dicitur
1346 2253 1485 2342 Altan-
1566 2309 1571 2324 ·

203 2369 375 2478 munster
393 2430 404 2470 ,
433 2397 492 2455 ex
509 2369 670 2454 diutino
682 2368 760 2454 fitu
776 2368 981 2456 vastitatis
999 2391 1184 2468 erutam,
1213 2365 1484 2478 aedificiisque

208 2484 643 2614 opportrurisuuaqua
659 2477 830 2570 versum
858 2476 1067 2568 extrudis
1084 2481 1349 2581 innovatam,
1378 2477 1483 2566 divi·

110 2609 117 2625 ‘
208 2599 277 2680 nis
293 2590 498 2708 obsequus
516 2598 650 2682 manci
681 2597 800 2697 avit,
827 2615 956 2708 atque
980 2593 1181 2680 fratribus
1201 2591 1356 2679 ibidem
1384 2592 1481 2680 Deo

183 2787 188 2804 ,
209 2705 511 2793 famulantibus
527 2737 625 2792 nece
656 2711 743 2792 aria
773 2729 865 2804 tam
892 2709 1046 2792 animae
1066 2733 1196 2818 quam
1211 2708 1399 2821 corporis
1416 2732 1482 2790 ac·

210 2819 469 2903 curatillrme
485 2818 688 2927 providit3
717 2819 873 2920 divino,
890 2841 941 2905 ut
958 2817 1187 2921 credimus,
1204 2817 1414 2919 instindiu,
1433 2839 1483 2905 ut

211 2932 335 3018 viam
353 2925 570 3010 dominicis
598 2929 718 3038 equis
744 2931 786 3011 in
803 2925 892 3015 luto
911 2931 1116 3044 aquarum
1140 2928 1371 3017 multarum
1387 2929 1483 3016 faci·

210 3069 293 3128 ens
309 3037 421 3126 feras
437 3037 679 3124 harundinis
707 3040 964 3156 increparet,
992 3044 1038 3131 br
1050 3044 1145 3156 justi
1157 3040 1364 3159 fulgentes
1380 3067 1484 3131 tarn·

206 3181 348 3269 quam
366 3148 552 3240 scintillae
582 3153 625 3234 in
643 3147 916 3242 harundineto
944 3153 1245 3256 discurrerent3
1282 3160 1356 3271 qui
1384 3153 1484 3242 licet

209 3297 274 3355 ex
300 3265 482 3382 palustri·
496 3257 762 3350 exhalatione
790 3290 972 3378 quatuor
1009 3271 1195 3386 Aegypti
1221 3267 1395 3402 plagas,
1424 3295 1488 3352 ra·

210 3409 293 3468 nas
314 3442 326 3482 ,
354 3376 542 3477 scinifes,
560 3368 722 3460 muscas
738 3377 783 3462 a
799 3377 971 3476 nebulas
987 3385 1134 3467 crebro
1151 3405 1383 3498 patrantur3
1401 3375 1489 3493 plu·

212 3497 339 3581 ribus
370 3515 514 3578 tamen
540 3510 688 3575 contra
718 3485 809 3574 haec
832 3490 985 3577 divinae
1038 3497 1156 3580 ratiae
1181 3493 1378 3579 remediis
1402 3519 1491 3576 mu·

210 3611 392 3696 niantur
417 3665 428 3706 ,
457 3623 724 3718 procurante
748 3604 811 3688 eis
839 3623 959 3718 patre
1032 3603 1187 3691 dalrico
1222 3605 1411 3690 buti-rum
1438 3601 1490 3688 de

184 3739 191 3752 '
209 3739 417 3805 armento
434 3713 477 3802 dr
496 3712 558 3801 lac
582 3715 634 3840 de
653 3717 836 3818 ovibus,
867 3743 964 3802 cum
989 3718 1111 3833 adipe
1133 3719 1378 3834 pinguium,
1406 3743 1490 3800 me·

210 3825 383 3920 dullam
409 3857 576 3944 quoque
607 3831 764 3934 tritici,
803 3831 848 3918 dt
875 3825 1119 3946 sanguinem
1146 3861 1245 3919 uvae
1280 3827 1491 3916 meracilli·

209 3971 342 4038 mum
361 3974 373 4044 5
399 3945 471 4033 ubi
490 3945 647 4047 etiarn,
674 3941 704 4031 fi
722 3947 784 4032 eis
802 3947 845 4032 in
854 3969 1052 4148 piantem
1072 3948 1272 4053 veniunt,
1301 3969 1490 4032 cucume-

1353 4084 1436 4162 res,
