4000 5417
563 455 635 526 522
1056 421 1413 505 Tnnnrrronns

561 591 1095 616 m

1006 812 1012 824 .
1071 725 1364 824 DLXXVIII.

824 843 1007 954 Donnrio
1023 859 1232 956 Ratiardi
1247 860 1290 949 in
1307 863 1439 951 rodem
1466 864 1575 955 vilia.

567 1031 727 1174 Eodem
741 1030 856 1108 etiarn
879 1054 976 1106 anno
989 1030 1029 1108 dt
1052 1031 1112 1108 die
1126 1055 1197 1130 ego
1222 1029 1395 1106 Ruthard
1407 1033 1503 1110 dono
1518 1037 1567 1110 ad
1581 1034 1741 1115 saniium
1764 1041 1830 1118 Dei
1938 1030 1939 1111 ἶ

644 1151 847 1232 martyrem
864 1132 1067 1212 Nazarium
1075 1133 1147 1209 dre.
1168 1131 1206 1229 vj
1217 1129 1352 1228 jurnal.
1369 1135 1408 1212 in
1422 1137 1666 1213 Manninheim
1677 1141 1723 1216 de
1738 1157 1830 1220 terra
1938 1158 1939 1169 ‘

567 1239 730 1316 araturia
744 1233 805 1332 &j
833 1237 1011 1336 petiolarn
1025 1237 1149 1336 prati,
1174 1259 1223 1312 ex
1239 1257 1313 1331 qua
1329 1235 1470 1335 poliunt
1488 1237 1600 1316 secari
1608 1239 1638 1337 jj
1664 1245 1830 1323 karradae
1938 1264 1939 1267 ‘

566 1341 661 1429 feni,
687 1335 730 1418 ὅ
742 1351 869 1428 cetera,
896 1335 1085 1438 utsupra,
1110 1360 1214 1436 usque
1228 1335 1459 1436 stipulatione
1485 1339 1651 1420 subnixa
1677 1346 1833 1443 Signum

563 1440 859 1644 (iiionffigufflfipqfiutr
871 1441 969 1517 hanc
983 1439 1221 1517 donationem
1234 1438 1341 1530 fecit,
1366 1440 1715 1598 iignumi3aiduini.
1752 1449 1830 1527 Ru·

1101 1672 1363 1791 DLXXIX.
1522 1735 1527 1745 ·

818 1804 999 1903 Donatio
1020 1805 1090 1899 W
1083 1810 1232 1898 aimari
1258 1811 1301 1899 itr
1319 1813 1450 1901 rodem
1470 1811 1579 1905 viiia.

590 2003 667 2066 tem
690 1984 728 2060 in
742 1977 872 2057 eodem
899 1999 996 2051 anno
1016 1997 1087 2072 ego
1112 1975 1285 2056 Walmar
1307 2001 1373 2080 pro
1394 1978 1509 2058 salute
1533 1983 1725 2062 Rubbonis
1738 1985 1830 2062 dono
1881 2015 1884 2024 ·
1939 2008 1940 2043 r

615 2089 663 2166 ad
679 2085 839 2162 sonitum
853 2078 922 2156 Dei
936 2091 1140 2174 martyrem
1155 2079 1202 2156 N.
1219 2080 1473 2180 donatumque
1485 2085 1751 2186 inperpetuum
1763 2085 1831 2162 effe

393 2269 402 2276 ,
565 2195 675 2280 volo,
701 2184 801 2286 quod
822 2181 891 2282 ipse
906 2179 999 2254 mihi
1021 2181 1175 2258 tradidit
1188 2204 1305 2261 manu
1325 2185 1567 2284 potestativa,
1594 2203 1639 2266 ut
1653 2190 1833 2268 traderem

564 2297 617 2374 ad
627 2285 884 2370 monasterium
905 2281 1051 2383 praefati
1074 2285 1277 2382 martyris,
1301 2285 1341 2361 in
1355 2309 1427 2384 quo
1440 2286 1514 2386 ipse
1537 2291 1735 2388 requiescit
1754 2309 1833 2366 cor·

565 2396 759 2500 poraliter,
783 2390 854 2464 hoc
872 2385 964 2474 sunt,
989 2384 1064 2460 duo
1081 2381 1216 2481 jurnal.
1243 2388 1290 2462 de
1305 2401 1400 2463 terra
1415 2389 1576 2464 aramria
1593 2393 1633 2466 in
1657 2394 1833 2467 Manain-

564 2503 669 2586 hrim,
692 2490 948 2596 perpetualiter
957 2486 1004 2562 ad
1016 2485 1273 2586 poffidendum.
1300 2487 1435 2563 Attum
1448 2490 1486 2562 in
1500 2491 1716 2566 monasterio
1729 2491 1830 2565 Lun-

404 2605 536 2674 drdut.
567 2598 701 2676 resinam
716 2595 749 2670 ll
775 2617 861 2668 non.
879 2589 1017 2666 Martii.
1071 2589 1225 2687 Signum
1240 2589 1443 2675 Walmari,
1468 2591 1532 2685 qui
1544 2590 1644 2667 hanc
1659 2591 1833 2668 donatio·

568 2723 654 2782 nem
667 2696 745 2776 fleri
758 2691 949 2774 &firmari
961 2691 1119 2789 rogavit
1168 2689 1374 2768 Grimarius
1386 2692 1601 2788 recognovit
1626 2691 1833 2796 &scriptu

1023 2835 1319 2985 'nurum
1450 2899 1465 2920 ²
1641 2967 1645 2972 .

806 3019 987 3116 Duratio
1018 3017 1088 3112 W
1079 3017 1262 3133 ulfiardi
1276 3020 1318 3109 in
1335 3021 1465 3110 eadem
1482 3020 1591 3109 viiia.
1620 3022 1632 3043 '
1725 3054 1730 3062 ·

566 3205 667 3338 Ego
680 3195 719 3272 in
743 3191 812 3270 Dei
834 3189 981 3267 nomine
1007 3183 1206 3268 Wolflrard
1221 3211 1286 3288 pro
1302 3189 1463 3266 remedio
1479 3186 1616 3266 anirnae
1629 3209 1724 3268 meae
1736 3188 1834 3265 dono

472 3335 476 3341 ·
645 3299 693 3377 ad
708 3295 869 3374 santium
896 3290 965 3368 Dei
978 3303 1184 3386 martyrem
1198 3291 1403 3368 Nazarium
1419 3290 1490 3369 dcc.
1512 3288 1612 3388 jum.
1620 3288 1651 3388 jj
1666 3291 1706 3366 in
1718 3290 1833 3366 Man·

563 3405 724 3492 etinheim,
750 3397 843 3499 prati
860 3393 1050 3482 videlicet,
1075 3414 1169 3489 quos
1184 3415 1207 3468 a
1222 3392 1283 3468 die
1295 3393 1465 3506 praesenti
1481 3393 1696 3468 transfundo
1709 3391 1747 3467 in
1760 3394 1832 3467 do·

562 3507 720 3593 minium
738 3501 847 3578 saneti
874 3493 1104 3576 Nazarii&c.
1157 3493 1296 3570 Afrum
1313 3494 1353 3570 in
1377 3493 1593 3572 monasterio
1615 3492 1832 3568 Lauresirnm

400 3617 532 3696 mian.
562 3607 597 3685 ΙΙ
612 3609 695 3686 idus
709 3605 825 3708 Junii,
850 3625 946 3678 anno
961 3596 1087 3675 XXVI
1103 3595 1205 3693 regni
1220 3597 1360 3672 domini
1373 3597 1481 3674 nostri
1508 3595 1634 3672 Karoii
1648 3596 1756 3697 primi
1770 3619 1831 3671 re·

560 3710 619 3807 gis
634 3707 787 3807 gloriosi.
839 3704 996 3800 Signum
1021 3698 1255 3787 wolfhardi,
1281 3701 1344 3796 qui
1360 3700 1457 3775 hane
1476 3698 1713 3776 donationem
1728 3697 1831 3789 fecit,

558 3811 703 3912 signum
727 3807 920 3897 Rutratdi,
946 3801 1184 3884 Svabolachi.
1233 3801 1477 3900 Reginbertus
1502 3798 1653 3910 icripfit

1569 4095 1774 4184 DLXXXI.
