<?xml version="1.0" encoding="UTF-8"?>
<!DOCTYPE html PUBLIC "-//W3C//DTD XHTML 1.0 Transitional//EN"
    "http://www.w3.org/TR/xhtml1/DTD/xhtml1-transitional.dtd">
<html xmlns="http://www.w3.org/1999/xhtml" xml:lang="en" lang="en">
 <head>
  <title>
</title>
<meta http-equiv="Content-Type" content="text/html;charset=utf-8" />
  <meta name='ocr-system' content='tesseract 3.04.00' />
  <meta name='ocr-capabilities' content='ocr_page ocr_carea ocr_par ocr_line ocrx_word'/>
</head>
<body>
  <div class='ocr_page' id='page_1' title='image "./codexprincipiso00egyegoog_0462.png"; bbox 0 0 4000 5417; ppageno 0'>
   <div class='ocr_carea' id='block_1_1' title="bbox 501 331 1308 461">
    <p class='ocr_par' dir='ltr' id='par_1_1' title="bbox 501 331 1308 461">
     <span class='ocr_line' id='line_1_1' title="bbox 501 331 1308 461; baseline -0.001 -46"><span class='ocrx_word' id='word_1_1' title='bbox 501 366 576 441; x_wconf 71' lang='lat'>422</span> <span class='ocrx_word' id='word_1_2' title='bbox 807 446 812 461; x_wconf 29' lang='grc' dir='ltr'><strong><em>Ι</em></strong></span> <span class='ocrx_word' id='word_1_3' title='bbox 947 331 1308 425; x_wconf 65' lang='lat' dir='ltr'>,Tnenueiouns</span> 
     </span>
    </p>
   </div>
   <div class='ocr_carea' id='block_1_2' title="bbox 397 633 1774 887">
    <p class='ocr_par' dir='ltr' id='par_1_2' title="bbox 397 633 1774 887">
     <span class='ocr_line' id='line_1_2' title="bbox 703 633 1376 731; baseline 0.004 -2"><span class='ocrx_word' id='word_1_4' title='bbox 703 696 712 711; x_wconf 91' lang='lat'><strong>·</strong></span> <span class='ocrx_word' id='word_1_5' title='bbox 948 633 1314 731; x_wconf 86' lang='lat' dir='ltr'><strong>CCCLXXXVI.</strong></span> <span class='ocrx_word' id='word_1_6' title='bbox 1372 692 1376 706; x_wconf 77' lang='lat'><em>=</em></span> 
     </span>
     <span class='ocr_line' id='line_1_3' title="bbox 397 766 1774 887; baseline -0.002 -24"><span class='ocrx_word' id='word_1_7' title='bbox 397 796 404 803; x_wconf 83' lang='lat'><strong><em>‘</em></strong></span> <span class='ocrx_word' id='word_1_8' title='bbox 501 766 682 863; x_wconf 74' lang='lat' dir='ltr'>venatio</span> <span class='ocrx_word' id='word_1_9' title='bbox 707 766 1013 861; x_wconf 79' lang='lat' dir='ltr'>Hercbeoooooe</span> <span class='ocrx_word' id='word_1_10' title='bbox 1039 768 1125 859; x_wconf 83' lang='lat' dir='ltr'>Deo</span> <span class='ocrx_word' id='word_1_11' title='bbox 1139 772 1331 887; x_wconf 81' lang='lat' dir='ltr'>saeratae</span> <span class='ocrx_word' id='word_1_12' title='bbox 1359 770 1406 857; x_wconf 76' lang='lat' dir='ltr'>io</span> <span class='ocrx_word' id='word_1_13' title='bbox 1420 768 1653 863; x_wconf 72' lang='lat' dir='ltr'>Hieaeoboci</span> <span class='ocrx_word' id='word_1_14' title='bbox 1686 773 1774 865; x_wconf 84' lang='lat' dir='ltr'>Ko-</span> 
     </span>
    </p>
   </div>
   <div class='ocr_carea' id='block_1_3' title="bbox 952 880 1315 997">
    <p class='ocr_par' dir='ltr' id='par_1_3' title="bbox 952 880 1315 997">
     <span class='ocr_line' id='line_1_4' title="bbox 952 880 1315 997; baseline 0.003 -30"><span class='ocrx_word' id='word_1_15' title='bbox 952 882 1039 968; x_wconf 88' lang='lat' dir='ltr'>rolo</span> <span class='ocrx_word' id='word_1_16' title='bbox 1065 880 1315 997; x_wconf 76' lang='lat' dir='ltr'><em>imperatore.</em></span> 
     </span>
    </p>
   </div>
   <div class='ocr_carea' id='block_1_4' title="bbox 129 1024 1973 3582">
    <p class='ocr_par' dir='ltr' id='par_1_4' title="bbox 129 1024 1973 3582">
     <span class='ocr_line' id='line_1_5' title="bbox 499 1024 1771 1187; baseline 0.002 -61"><span class='ocrx_word' id='word_1_17' title='bbox 499 1048 635 1187; x_wconf 74' lang='lat' dir='ltr'>Anno</span> <span class='ocrx_word' id='word_1_18' title='bbox 652 1048 686 1125; x_wconf 90' lang='lat'>11</span> <span class='ocrx_word' id='word_1_19' title='bbox 699 1046 804 1144; x_wconf 78' lang='lat' dir='ltr'>regni</span> <span class='ocrx_word' id='word_1_20' title='bbox 828 1046 969 1123; x_wconf 74' lang='lat' dir='ltr'>nomm</span> <span class='ocrx_word' id='word_1_21' title='bbox 988 1046 1100 1123; x_wconf 70' lang='lat' dir='ltr'>msto</span> <span class='ocrx_word' id='word_1_22' title='bbox 1126 1047 1365 1160; x_wconf 56' lang='lat' dir='ltr'>mmupgos</span> <span class='ocrx_word' id='word_1_23' title='bbox 1378 1049 1523 1146; x_wconf 68' lang='lat' dir='ltr'>gloriosi</span> <span class='ocrx_word' id='word_1_24' title='bbox 1540 1024 1647 1149; x_wconf 57' lang='lat' dir='ltr'>sego</span> <span class='ocrx_word' id='word_1_25' title='bbox 1673 1045 1771 1129; x_wconf 72' lang='lat' dir='ltr'>Hee-</span> 
     </span>
     <span class='ocr_line' id='line_1_6' title="bbox 588 1149 1773 1249; baseline 0.002 -23"><span class='ocrx_word' id='word_1_26' title='bbox 588 1151 752 1227; x_wconf 81' lang='lat' dir='ltr'>chennne</span> <span class='ocrx_word' id='word_1_27' title='bbox 768 1171 835 1248; x_wconf 87' lang='lat' dir='ltr'>pro</span> <span class='ocrx_word' id='word_1_28' title='bbox 849 1149 1010 1226; x_wconf 89' lang='lat' dir='ltr'>remedio</span> <span class='ocrx_word' id='word_1_29' title='bbox 1026 1150 1163 1227; x_wconf 81' lang='lat' dir='ltr'>animae</span> <span class='ocrx_word' id='word_1_30' title='bbox 1177 1155 1272 1226; x_wconf 74' lang='lat' dir='ltr'>meae</span> <span class='ocrx_word' id='word_1_31' title='bbox 1298 1172 1362 1249; x_wconf 87' lang='lat' dir='ltr'>per</span> <span class='ocrx_word' id='word_1_32' title='bbox 1376 1152 1473 1229; x_wconf 80' lang='lat' dir='ltr'>hanc</span> <span class='ocrx_word' id='word_1_33' title='bbox 1495 1154 1683 1229; x_wconf 72' lang='lat' dir='ltr'>carmulam</span> <span class='ocrx_word' id='word_1_34' title='bbox 1702 1155 1773 1228; x_wconf 85' lang='lat' dir='ltr'>do·</span> 
     </span>
     <span class='ocr_line' id='line_1_7' title="bbox 500 1250 1773 1354; baseline 0 -23"><span class='ocrx_word' id='word_1_35' title='bbox 500 1252 662 1331; x_wconf 81' lang='lat' dir='ltr'>nationis</span> <span class='ocrx_word' id='word_1_36' title='bbox 686 1253 782 1328; x_wconf 90' lang='lat' dir='ltr'>dono</span> <span class='ocrx_word' id='word_1_37' title='bbox 796 1251 845 1348; x_wconf 68' lang='lat' dir='ltr'>ad</span> <span class='ocrx_word' id='word_1_38' title='bbox 867 1250 1031 1328; x_wconf 69' lang='lat' dir='ltr'>sonitum</span> <span class='ocrx_word' id='word_1_39' title='bbox 1057 1250 1127 1326; x_wconf 90' lang='lat' dir='ltr'>Dei</span> <span class='ocrx_word' id='word_1_40' title='bbox 1141 1266 1346 1347; x_wconf 86' lang='lat' dir='ltr'><strong>martyrem</strong></span> <span class='ocrx_word' id='word_1_41' title='bbox 1372 1252 1601 1344; x_wconf 73' lang='lat' dir='ltr'>Nuntium,</span> <span class='ocrx_word' id='word_1_42' title='bbox 1626 1254 1692 1354; x_wconf 90' lang='lat' dir='ltr'>qui</span> <span class='ocrx_word' id='word_1_43' title='bbox 1713 1276 1773 1331; x_wconf 88' lang='lat' dir='ltr'>re·</span> 
     </span>
     <span class='ocr_line' id='line_1_8' title="bbox 501 1351 1772 1455; baseline 0.002 -24"><span class='ocrx_word' id='word_1_44' title='bbox 501 1353 651 1455; x_wconf 83' lang='lat' dir='ltr'>quiescit</span> <span class='ocrx_word' id='word_1_45' title='bbox 664 1354 702 1428; x_wconf 91' lang='lat' dir='ltr'>in</span> <span class='ocrx_word' id='word_1_46' title='bbox 715 1375 864 1453; x_wconf 85' lang='lat' dir='ltr'>corpore</span> <span class='ocrx_word' id='word_1_47' title='bbox 879 1353 926 1427; x_wconf 87' lang='lat' dir='ltr'>in</span> <span class='ocrx_word' id='word_1_48' title='bbox 942 1373 1040 1451; x_wconf 86' lang='lat' dir='ltr'>pago</span> <span class='ocrx_word' id='word_1_49' title='bbox 1065 1351 1239 1440; x_wconf 74' lang='lat' dir='ltr'>maeno,</span> <span class='ocrx_word' id='word_1_50' title='bbox 1265 1353 1305 1429; x_wconf 88' lang='lat' dir='ltr'>in</span> <span class='ocrx_word' id='word_1_51' title='bbox 1319 1354 1557 1444; x_wconf 84' lang='lat' dir='ltr'>monasterio,</span> <span class='ocrx_word' id='word_1_52' title='bbox 1583 1357 1686 1453; x_wconf 83' lang='lat' dir='ltr'>quod</span> <span class='ocrx_word' id='word_1_53' title='bbox 1705 1380 1772 1433; x_wconf 80' lang='lat' dir='ltr'>vo-</span> 
     </span>
     <span class='ocr_line' id='line_1_9' title="bbox 501 1452 1853 1557; baseline 0.001 -24"><span class='ocrx_word' id='word_1_54' title='bbox 501 1470 608 1536; x_wconf 82' lang='lat' dir='ltr'>catur</span> <span class='ocrx_word' id='word_1_55' title='bbox 632 1454 880 1543; x_wconf 65' lang='lat' dir='ltr'>mereshem,</span> <span class='ocrx_word' id='word_1_56' title='bbox 908 1452 1014 1557; x_wconf 84' lang='lat' dir='ltr'>super</span> <span class='ocrx_word' id='word_1_57' title='bbox 1038 1454 1196 1529; x_wconf 89' lang='lat' dir='ltr'>fluvium</span> <span class='ocrx_word' id='word_1_58' title='bbox 1217 1452 1373 1535; x_wconf 79' lang='lat' dir='ltr'>Wiffcoz</span> <span class='ocrx_word' id='word_1_59' title='bbox 1392 1455 1476 1545; x_wconf 83' lang='lat' dir='ltr'>fito,</span> <span class='ocrx_word' id='word_1_60' title='bbox 1501 1457 1567 1534; x_wconf 87' lang='lat' dir='ltr'>ubi</span> <span class='ocrx_word' id='word_1_61' title='bbox 1590 1458 1647 1535; x_wconf 87' lang='lat' dir='ltr'>vir</span> <span class='ocrx_word' id='word_1_62' title='bbox 1661 1481 1773 1535; x_wconf 85' lang='lat' dir='ltr'>vene·</span> <span class='ocrx_word' id='word_1_63' title='bbox 1849 1538 1853 1545; x_wconf 76' lang='grc'>,</span> 
     </span>
     <span class='ocr_line' id='line_1_10' title="bbox 500 1554 1772 1659; baseline 0.002 -26"><span class='ocrx_word' id='word_1_64' title='bbox 500 1558 579 1634; x_wconf 85' lang='lat' dir='ltr'><strong>rab.</strong></span> <span class='ocrx_word' id='word_1_65' title='bbox 606 1556 872 1633; x_wconf 85' lang='lat' dir='ltr'>Gundelandus</span> <span class='ocrx_word' id='word_1_66' title='bbox 887 1554 1000 1631; x_wconf 82' lang='lat' dir='ltr'><strong>abbas</strong></span> <span class='ocrx_word' id='word_1_67' title='bbox 1014 1554 1160 1653; x_wconf 81' lang='lat' dir='ltr'>ptaeeffe</span> <span class='ocrx_word' id='word_1_68' title='bbox 1176 1555 1339 1645; x_wconf 89' lang='lat' dir='ltr'>videtur,</span> <span class='ocrx_word' id='word_1_69' title='bbox 1366 1558 1621 1656; x_wconf 81' lang='lat' dir='ltr'>donatumque</span> <span class='ocrx_word' id='word_1_70' title='bbox 1636 1560 1674 1635; x_wconf 89' lang='lat' dir='ltr'>in</span> <span class='ocrx_word' id='word_1_71' title='bbox 1690 1582 1772 1659; x_wconf 83' lang='lat' dir='ltr'>per·</span> 
     </span>
     <span class='ocr_line' id='line_1_11' title="bbox 501 1652 1773 1759; baseline 0.003 -24"><span class='ocrx_word' id='word_1_72' title='bbox 501 1672 656 1759; x_wconf 88' lang='lat' dir='ltr'>petuum</span> <span class='ocrx_word' id='word_1_73' title='bbox 669 1652 739 1733; x_wconf 84' lang='lat' dir='ltr'>effe</span> <span class='ocrx_word' id='word_1_74' title='bbox 754 1658 857 1745; x_wconf 89' lang='lat' dir='ltr'>volo,</span> <span class='ocrx_word' id='word_1_75' title='bbox 882 1655 955 1731; x_wconf 86' lang='lat' dir='ltr'>hoe</span> <span class='ocrx_word' id='word_1_76' title='bbox 969 1654 1032 1743; x_wconf 74' lang='lat' dir='ltr'>est,</span> <span class='ocrx_word' id='word_1_77' title='bbox 1046 1678 1125 1731; x_wconf 90' lang='lat' dir='ltr'>rem</span> <span class='ocrx_word' id='word_1_78' title='bbox 1139 1678 1264 1734; x_wconf 88' lang='lat' dir='ltr'>meam</span> <span class='ocrx_word' id='word_1_79' title='bbox 1278 1659 1319 1735; x_wconf 91' lang='lat' dir='ltr'>in</span> <span class='ocrx_word' id='word_1_80' title='bbox 1330 1682 1426 1758; x_wconf 82' lang='lat' dir='ltr'>pago</span> <span class='ocrx_word' id='word_1_81' title='bbox 1451 1660 1719 1749; x_wconf 81' lang='lat' dir='ltr'>Lobodoninse,</span> <span class='ocrx_word' id='word_1_82' title='bbox 1733 1662 1773 1739; x_wconf 91' lang='lat' dir='ltr'>in</span> 
     </span>
     <span class='ocr_line' id='line_1_12' title="bbox 501 1755 1772 1860; baseline 0.002 -23"><span class='ocrx_word' id='word_1_83' title='bbox 501 1760 584 1837; x_wconf 86' lang='lat' dir='ltr'>loco</span> <span class='ocrx_word' id='word_1_84' title='bbox 609 1755 807 1833; x_wconf 75' lang='lat' dir='ltr'>ffllieeioeeh</span> <span class='ocrx_word' id='word_1_85' title='bbox 840 1757 1113 1855; x_wconf 85' lang='lat' dir='ltr'>nuncupato&amp;</span> <span class='ocrx_word' id='word_1_86' title='bbox 1134 1758 1175 1834; x_wconf 93' lang='lat' dir='ltr'>in</span> <span class='ocrx_word' id='word_1_87' title='bbox 1201 1758 1420 1860; x_wconf 75' lang='lat' dir='ltr'>Cloppheim,</span> <span class='ocrx_word' id='word_1_88' title='bbox 1446 1776 1772 1859; x_wconf 79' lang='lat' dir='ltr'>quantumcunque</span> 
     </span>
     <span class='ocr_line' id='line_1_13' title="bbox 502 1858 1774 1960; baseline 0 -22"><span class='ocrx_word' id='word_1_89' title='bbox 502 1860 578 1938; x_wconf 86' lang='lat' dir='ltr'>viia</span> <span class='ocrx_word' id='word_1_90' title='bbox 594 1859 672 1935; x_wconf 87' lang='lat' dir='ltr'>sum</span> <span class='ocrx_word' id='word_1_91' title='bbox 686 1859 823 1947; x_wconf 77' lang='lat' dir='ltr'>habere</span> <span class='ocrx_word' id='word_1_92' title='bbox 848 1860 886 1934; x_wconf 88' lang='lat' dir='ltr'>in</span> <span class='ocrx_word' id='word_1_93' title='bbox 899 1858 1069 1957; x_wconf 76' lang='lat' dir='ltr'>praesenti</span> <span class='ocrx_word' id='word_1_94' title='bbox 1082 1873 1272 1960; x_wconf 90' lang='lat' dir='ltr'>tempore,</span> <span class='ocrx_word' id='word_1_95' title='bbox 1299 1863 1400 1959; x_wconf 88' lang='lat' dir='ltr'>quod</span> <span class='ocrx_word' id='word_1_96' title='bbox 1421 1863 1517 1939; x_wconf 91' lang='lat' dir='ltr'>mihi</span> <span class='ocrx_word' id='word_1_97' title='bbox 1539 1864 1774 1941; x_wconf 77' lang='lat' dir='ltr'>haereditario</span> 
     </span>
     <span class='ocr_line' id='line_1_14' title="bbox 496 1958 1972 2061; baseline 0.001 -22"><span class='ocrx_word' id='word_1_98' title='bbox 496 1959 579 2060; x_wconf 89' lang='lat' dir='ltr'>jure</span> <span class='ocrx_word' id='word_1_99' title='bbox 593 1986 616 2039; x_wconf 83' lang='lat' dir='ltr'>a</span> <span class='ocrx_word' id='word_1_100' title='bbox 630 1961 841 2061; x_wconf 83' lang='lat' dir='ltr'>parentibus</span> <span class='ocrx_word' id='word_1_101' title='bbox 855 1961 949 2035; x_wconf 89' lang='lat' dir='ltr'>meis</span> <span class='ocrx_word' id='word_1_102' title='bbox 966 1958 1028 2037; x_wconf 87' lang='lat' dir='ltr'>seu</span> <span class='ocrx_word' id='word_1_103' title='bbox 1051 1960 1098 2036; x_wconf 90' lang='lat' dir='ltr'>de</span> <span class='ocrx_word' id='word_1_104' title='bbox 1120 1962 1287 2059; x_wconf 90' lang='lat' dir='ltr'>quolibet</span> <span class='ocrx_word' id='word_1_105' title='bbox 1301 1966 1464 2042; x_wconf 73' lang='lat' dir='ltr'>aderam</span> <span class='ocrx_word' id='word_1_106' title='bbox 1479 1966 1528 2043; x_wconf 82' lang='lat' dir='ltr'>nd</span> <span class='ocrx_word' id='word_1_107' title='bbox 1542 1989 1603 2042; x_wconf 89' lang='lat' dir='ltr'>me</span> <span class='ocrx_word' id='word_1_108' title='bbox 1616 1966 1775 2042; x_wconf 81' lang='lat' dir='ltr'>noscitur</span> <span class='ocrx_word' id='word_1_109' title='bbox 1892 2013 1895 2017; x_wconf 29' lang='grc' dir='ltr'><em>ι</em></span> <span class='ocrx_word' id='word_1_110' title='bbox 1971 2001 1972 2056; x_wconf 53' lang='lat' dir='ltr'>i</span> 
     </span>
     <span class='ocr_line' id='line_1_15' title="bbox 501 2060 1774 2163; baseline 0.003 -24"><span class='ocrx_word' id='word_1_111' title='bbox 501 2062 722 2163; x_wconf 82' lang='lat' dir='ltr'>perveniiie,</span> <span class='ocrx_word' id='word_1_112' title='bbox 747 2082 812 2161; x_wconf 88' lang='lat' dir='ltr'>per</span> <span class='ocrx_word' id='word_1_113' title='bbox 837 2060 993 2137; x_wconf 67' lang='lat' dir='ltr'>drittum</span> <span class='ocrx_word' id='word_1_114' title='bbox 1025 2062 1173 2158; x_wconf 84' lang='lat' dir='ltr'>legibus</span> <span class='ocrx_word' id='word_1_115' title='bbox 1195 2065 1346 2163; x_wconf 86' lang='lat' dir='ltr'>attingit</span> <span class='ocrx_word' id='word_1_116' title='bbox 1367 2065 1484 2155; x_wconf 86' lang='lat' dir='ltr'>mihi,</span> <span class='ocrx_word' id='word_1_117' title='bbox 1517 2080 1675 2155; x_wconf 79' lang='lat' dir='ltr'>totum„</span> <span class='ocrx_word' id='word_1_118' title='bbox 1692 2065 1774 2143; x_wconf 86' lang='lat' dir='ltr'>tam</span> 
     </span>
     <span class='ocr_line' id='line_1_16' title="bbox 501 2162 1771 2266; baseline 0 -25"><span class='ocrx_word' id='word_1_119' title='bbox 501 2164 663 2254; x_wconf 80' lang='lat' dir='ltr'>mansis,</span> <span class='ocrx_word' id='word_1_120' title='bbox 689 2164 813 2251; x_wconf 89' lang='lat' dir='ltr'>terris,</span> <span class='ocrx_word' id='word_1_121' title='bbox 838 2164 996 2262; x_wconf 83' lang='lat' dir='ltr'>campis,</span> <span class='ocrx_word' id='word_1_122' title='bbox 1021 2162 1154 2254; x_wconf 54' lang='lat' dir='ltr'>semiss</span> <span class='ocrx_word' id='word_1_123' title='bbox 1168 2166 1305 2255; x_wconf 84' lang='lat' dir='ltr'>vineis,</span> <span class='ocrx_word' id='word_1_124' title='bbox 1330 2168 1447 2266; x_wconf 81' lang='lat' dir='ltr'>aquis,</span> <span class='ocrx_word' id='word_1_125' title='bbox 1459 2189 1687 2263; x_wconf 80' lang='lat' dir='ltr'>aquarumve</span> <span class='ocrx_word' id='word_1_126' title='bbox 1706 2170 1771 2243; x_wconf 92' lang='lat' dir='ltr'>de-</span> 
     </span>
     <span class='ocr_line' id='line_1_17' title="bbox 413 2264 1765 2364; baseline -0.003 -21"><span class='ocrx_word' id='word_1_127' title='bbox 413 2308 418 2319; x_wconf 94' lang='lat'><em>·</em></span> <span class='ocrx_word' id='word_1_128' title='bbox 502 2265 689 2354; x_wconf 76' lang='lat' dir='ltr'>corfinus,</span> <span class='ocrx_word' id='word_1_129' title='bbox 716 2264 935 2364; x_wconf 85' lang='lat' dir='ltr'><strong>mancipiis,</strong></span> <span class='ocrx_word' id='word_1_130' title='bbox 960 2267 1089 2341; x_wconf 88' lang='lat' dir='ltr'>omnia</span> <span class='ocrx_word' id='word_1_131' title='bbox 1107 2264 1147 2343; x_wconf 74' lang='grc' dir='ltr'>δι</span> <span class='ocrx_word' id='word_1_132' title='bbox 1173 2290 1221 2342; x_wconf 84' lang='lat' dir='ltr'>ex</span> <span class='ocrx_word' id='word_1_133' title='bbox 1238 2269 1433 2353; x_wconf 89' lang='lat' dir='ltr'>omnibus,</span> <span class='ocrx_word' id='word_1_134' title='bbox 1457 2268 1506 2341; x_wconf 88' lang='lat' dir='ltr'>de</span> <span class='ocrx_word' id='word_1_135' title='bbox 1521 2265 1606 2361; x_wconf 79' lang='lat' dir='ltr'>&#39;jure</span> <span class='ocrx_word' id='word_1_136' title='bbox 1619 2288 1702 2339; x_wconf 92' lang='lat' dir='ltr'>meo</span> <span class='ocrx_word' id='word_1_137' title='bbox 1725 2267 1765 2339; x_wconf 90' lang='lat' dir='ltr'>in</span> 
     </span>
     <span class='ocr_line' id='line_1_18' title="bbox 497 2364 1767 2483; baseline -0.008 -34"><span class='ocrx_word' id='word_1_138' title='bbox 497 2364 561 2465; x_wconf 72' lang='lat' dir='ltr'>ius</span> <span class='ocrx_word' id='word_1_139' title='bbox 576 2368 615 2446; x_wconf 72' lang='grc' dir='ltr'>δι</span> <span class='ocrx_word' id='word_1_140' title='bbox 639 2367 845 2483; x_wconf 86' lang='lat' dir='ltr'>dominium</span> <span class='ocrx_word' id='word_1_141' title='bbox 868 2365 977 2443; x_wconf 73' lang='lat' dir='ltr'>santii</span> <span class='ocrx_word' id='word_1_142' title='bbox 998 2366 1045 2443; x_wconf 88' lang='lat' dir='ltr'>N.</span> <span class='ocrx_word' id='word_1_143' title='bbox 1059 2369 1168 2444; x_wconf 83' lang='lat' dir='ltr'>trado</span> <span class='ocrx_word' id='word_1_144' title='bbox 1189 2382 1304 2483; x_wconf 76' lang='lat' dir='ltr'>atque</span> <span class='ocrx_word' id='word_1_145' title='bbox 1325 2366 1540 2483; x_wconf 68' lang='lat' dir='ltr'>trensfundo</span> <span class='ocrx_word' id='word_1_146' title='bbox 1553 2367 1594 2441; x_wconf 92' lang='lat' dir='ltr'>in</span> <span class='ocrx_word' id='word_1_147' title='bbox 1618 2366 1688 2441; x_wconf 89' lang='lat' dir='ltr'>Dei</span> <span class='ocrx_word' id='word_1_148' title='bbox 1700 2389 1767 2441; x_wconf 89' lang='lat' dir='ltr'>no·</span> 
     </span>
     <span class='ocr_line' id='line_1_19' title="bbox 501 2466 1973 2678; baseline -0.001 -33"><span class='ocrx_word' id='word_1_149' title='bbox 501 2468 1236 2678; x_wconf 58' lang='lat' dir='ltr'>teze‘mtitziitffiissim</span> <span class='ocrx_word' id='word_1_150' title='bbox 1250 2466 1771 2657; x_wconf 49' lang='lat' dir='ltr'>iiiimxiiii&amp;</span> <span class='ocrx_word' id='word_1_151' title='bbox 1862 2639 1868 2651; x_wconf 83' lang='grc'>,</span> <span class='ocrx_word' id='word_1_152' title='bbox 1972 2575 1973 2598; x_wconf 36' lang='grc' dir='ltr'>ψ</span> 
     </span>
     <span class='ocr_line' id='line_1_20' title="bbox 504 2669 1772 2770; baseline -0.004 -21"><span class='ocrx_word' id='word_1_153' title='bbox 504 2671 617 2758; x_wconf 87' lang='lat' dir='ltr'>meis,</span> <span class='ocrx_word' id='word_1_154' title='bbox 643 2669 717 2748; x_wconf 82' lang='lat' dir='ltr'>sive</span> <span class='ocrx_word' id='word_1_155' title='bbox 735 2672 860 2768; x_wconf 83' lang='lat' dir='ltr'>aliqua</span> <span class='ocrx_word' id='word_1_156' title='bbox 873 2685 1051 2748; x_wconf 80' lang='lat' dir='ltr'>extranea</span> <span class='ocrx_word' id='word_1_157' title='bbox 1063 2669 1213 2770; x_wconf 86' lang='lat' dir='ltr'>persona</span> <span class='ocrx_word' id='word_1_158' title='bbox 1237 2684 1368 2747; x_wconf 80' lang='lat' dir='ltr'>contre</span> <span class='ocrx_word' id='word_1_159' title='bbox 1378 2670 1477 2747; x_wconf 81' lang='lat' dir='ltr'>hanc</span> <span class='ocrx_word' id='word_1_160' title='bbox 1492 2670 1732 2745; x_wconf 86' lang='lat' dir='ltr'>donationem</span> <span class='ocrx_word' id='word_1_161' title='bbox 1747 2692 1772 2744; x_wconf 80' lang='lat' dir='ltr'><strong>a</strong></span> 
     </span>
     <span class='ocr_line' id='line_1_21' title="bbox 502 2771 1772 2875; baseline -0.004 -24"><span class='ocrx_word' id='word_1_162' title='bbox 502 2796 565 2851; x_wconf 89' lang='lat' dir='ltr'>me</span> <span class='ocrx_word' id='word_1_163' title='bbox 580 2772 713 2851; x_wconf 72' lang='lat' dir='ltr'>fastam</span> <span class='ocrx_word' id='word_1_164' title='bbox 728 2772 854 2851; x_wconf 89' lang='lat' dir='ltr'>venite</span> <span class='ocrx_word' id='word_1_165' title='bbox 869 2772 1125 2875; x_wconf 78' lang='lat' dir='ltr'>temptaverit,</span> <span class='ocrx_word' id='word_1_166' title='bbox 1150 2774 1214 2849; x_wconf 87' lang='lat' dir='ltr'>vel</span> <span class='ocrx_word' id='word_1_167' title='bbox 1227 2794 1315 2847; x_wconf 85' lang='lat' dir='ltr'>eam</span> <span class='ocrx_word' id='word_1_168' title='bbox 1328 2772 1530 2867; x_wconf 84' lang='lat' dir='ltr'>infringere</span> <span class='ocrx_word' id='word_1_169' title='bbox 1555 2783 1623 2848; x_wconf 83' lang='lat' dir='ltr'>aut</span> <span class='ocrx_word' id='word_1_170' title='bbox 1637 2771 1772 2847; x_wconf 87' lang='lat' dir='ltr'>immu-</span> 
     </span>
     <span class='ocr_line' id='line_1_22' title="bbox 502 2870 1770 2968; baseline -0.004 -17"><span class='ocrx_word' id='word_1_171' title='bbox 502 2886 581 2951; x_wconf 83' lang='lat' dir='ltr'>tare</span> <span class='ocrx_word' id='word_1_172' title='bbox 595 2876 777 2963; x_wconf 84' lang='lat' dir='ltr'>voluerit.</span> <span class='ocrx_word' id='word_1_173' title='bbox 802 2876 934 2953; x_wconf 76' lang='lat' dir='ltr'>inferet</span> <span class='ocrx_word' id='word_1_174' title='bbox 948 2898 1025 2951; x_wconf 87' lang='lat' dir='ltr'>una</span> <span class='ocrx_word' id='word_1_175' title='bbox 1039 2896 1126 2950; x_wconf 89' lang='lat' dir='ltr'>cum</span> <span class='ocrx_word' id='word_1_176' title='bbox 1142 2886 1295 2968; x_wconf 85' lang='lat' dir='ltr'>cogente</span> <span class='ocrx_word' id='word_1_177' title='bbox 1308 2871 1393 2962; x_wconf 80' lang='lat' dir='ltr'>fisco</span> <span class='ocrx_word' id='word_1_178' title='bbox 1408 2870 1651 2949; x_wconf 63' lang='lat' dir='ltr'>auriiibrem</span> <span class='ocrx_word' id='word_1_179' title='bbox 1663 2871 1770 2950; x_wconf 87' lang='lat' dir='ltr'>dimi-</span> 
     </span>
     <span class='ocr_line' id='line_1_23' title="bbox 504 2972 1768 3075; baseline -0.002 -24"><span class='ocrx_word' id='word_1_180' title='bbox 504 2976 606 3053; x_wconf 85' lang='lat' dir='ltr'><strong>diam</strong></span> <span class='ocrx_word' id='word_1_181' title='bbox 622 3031 632 3065; x_wconf 92' lang='lat'><strong>,</strong></span> <span class='ocrx_word' id='word_1_182' title='bbox 659 2977 800 3073; x_wconf 82' lang='lat' dir='ltr'>argenti</span> <span class='ocrx_word' id='word_1_183' title='bbox 812 2978 955 3075; x_wconf 89' lang='lat' dir='ltr'>pondus</span> <span class='ocrx_word' id='word_1_184' title='bbox 964 2974 979 3071; x_wconf 91' lang='lat' dir='ltr'><strong>j</strong></span> <span class='ocrx_word' id='word_1_185' title='bbox 997 2977 1120 3051; x_wconf 83' lang='lat' dir='ltr'>multa</span> <span class='ocrx_word' id='word_1_186' title='bbox 1136 2972 1322 3061; x_wconf 82' lang='lat' dir='ltr'>sustinent,</span> <span class='ocrx_word' id='word_1_187' title='bbox 1338 2972 1493 3072; x_wconf 86' lang='lat' dir='ltr'>&amp;quod</span> <span class='ocrx_word' id='word_1_188' title='bbox 1505 2974 1644 3075; x_wconf 72' lang='lat' dir='ltr'>iepetit</span> <span class='ocrx_word' id='word_1_189' title='bbox 1656 2996 1768 3049; x_wconf 80' lang='lat' dir='ltr'>even·</span> 
     </span>
     <span class='ocr_line' id='line_1_24' title="bbox 502 3072 1767 3177; baseline -0.004 -24"><span class='ocrx_word' id='word_1_190' title='bbox 502 3077 625 3153; x_wconf 84' lang='lat' dir='ltr'>dicare</span> <span class='ocrx_word' id='word_1_191' title='bbox 640 3102 715 3154; x_wconf 88' lang='lat' dir='ltr'>non</span> <span class='ocrx_word' id='word_1_192' title='bbox 727 3080 868 3168; x_wconf 75' lang='lat' dir='ltr'>valeat,</span> <span class='ocrx_word' id='word_1_193' title='bbox 883 3078 943 3154; x_wconf 88' lang='lat' dir='ltr'>sed</span> <span class='ocrx_word' id='word_1_194' title='bbox 957 3076 1115 3177; x_wconf 84' lang='lat' dir='ltr'>praesens</span> <span class='ocrx_word' id='word_1_195' title='bbox 1128 3076 1278 3153; x_wconf 86' lang='lat' dir='ltr'>donatio</span> <span class='ocrx_word' id='word_1_196' title='bbox 1290 3076 1356 3152; x_wconf 78' lang='lat' dir='ltr'>iste</span> <span class='ocrx_word' id='word_1_197' title='bbox 1368 3076 1470 3151; x_wconf 88' lang='lat' dir='ltr'>omni</span> <span class='ocrx_word' id='word_1_198' title='bbox 1485 3089 1644 3175; x_wconf 86' lang='lat' dir='ltr'>tempore</span> <span class='ocrx_word' id='word_1_199' title='bbox 1656 3072 1767 3148; x_wconf 74' lang='lat' dir='ltr'>fitma</span> 
     </span>
     <span class='ocr_line' id='line_1_25' title="bbox 480 3175 1768 3279; baseline -0.002 -25"><span class='ocrx_word' id='word_1_200' title='bbox 480 3176 538 3254; x_wconf 60' lang='lat' dir='ltr'>e&amp;</span> <span class='ocrx_word' id='word_1_201' title='bbox 554 3175 691 3255; x_wconf 83' lang='lat' dir='ltr'>stabilis</span> <span class='ocrx_word' id='word_1_202' title='bbox 716 3193 933 3279; x_wconf 82' lang='lat' dir='ltr'>permaneat</span> <span class='ocrx_word' id='word_1_203' title='bbox 952 3177 1184 3277; x_wconf 84' lang='lat' dir='ltr'>stipulatione</span> <span class='ocrx_word' id='word_1_204' title='bbox 1205 3177 1372 3253; x_wconf 65' lang='lat' dir='ltr'>subnixa,</span> <span class='ocrx_word' id='word_1_205' title='bbox 1423 3176 1561 3253; x_wconf 73' lang='lat' dir='ltr'>Astum</span> <span class='ocrx_word' id='word_1_206' title='bbox 1580 3176 1618 3252; x_wconf 88' lang='lat' dir='ltr'>in</span> <span class='ocrx_word' id='word_1_207' title='bbox 1636 3197 1768 3255; x_wconf 89' lang='lat' dir='ltr'>mona-</span> 
     </span>
     <span class='ocr_line' id='line_1_26' title="bbox 129 3275 1768 3382; baseline -0.001 -27"><span class='ocrx_word' id='word_1_208' title='bbox 129 3308 132 3315; x_wconf 66' lang='grc'><strong>’</strong></span> <span class='ocrx_word' id='word_1_209' title='bbox 297 3282 456 3365; x_wconf 60' lang='lat' dir='ltr'>snitu.</span> <span class='ocrx_word' id='word_1_210' title='bbox 496 3279 602 3355; x_wconf 89' lang='lat' dir='ltr'>sterio</span> <span class='ocrx_word' id='word_1_211' title='bbox 627 3281 839 3357; x_wconf 66' lang='lat' dir='ltr'>maenum</span> <span class='ocrx_word' id='word_1_212' title='bbox 854 3280 1011 3382; x_wconf 84' lang='lat' dir='ltr'>publice,</span> <span class='ocrx_word' id='word_1_213' title='bbox 1021 3275 1052 3375; x_wconf 84' lang='lat' dir='ltr'>jj</span> <span class='ocrx_word' id='word_1_214' title='bbox 1070 3278 1275 3379; x_wconf 69' lang='lat' dir='ltr'>idusssunii.</span> <span class='ocrx_word' id='word_1_215' title='bbox 1327 3279 1484 3375; x_wconf 82' lang='lat' dir='ltr'>Signum</span> <span class='ocrx_word' id='word_1_216' title='bbox 1500 3278 1768 3364; x_wconf 83' lang='lat' dir='ltr'>Herchenonae,</span> 
     </span>
     <span class='ocr_line' id='line_1_27' title="bbox 499 3377 1771 3481; baseline -0.005 -18"><span class='ocrx_word' id='word_1_217' title='bbox 499 3404 583 3481; x_wconf 79' lang='lat' dir='ltr'>quae</span> <span class='ocrx_word' id='word_1_218' title='bbox 608 3382 704 3461; x_wconf 84' lang='lat' dir='ltr'>hanc</span> <span class='ocrx_word' id='word_1_219' title='bbox 726 3382 962 3463; x_wconf 83' lang='lat' dir='ltr'>donationem</span> <span class='ocrx_word' id='word_1_220' title='bbox 987 3380 1067 3459; x_wconf 82' lang='lat' dir='ltr'>fieri</span> <span class='ocrx_word' id='word_1_221' title='bbox 1080 3380 1120 3459; x_wconf 84' lang='lat'>&amp;</span> <span class='ocrx_word' id='word_1_222' title='bbox 1138 3379 1278 3457; x_wconf 82' lang='lat' dir='ltr'>firmari</span> <span class='ocrx_word' id='word_1_223' title='bbox 1299 3380 1445 3477; x_wconf 88' lang='lat' dir='ltr'>rogavit</span> <span class='ocrx_word' id='word_1_224' title='bbox 1460 3435 1470 3468; x_wconf 92' lang='lat'><strong>,</strong></span> <span class='ocrx_word' id='word_1_225' title='bbox 1495 3377 1639 3476; x_wconf 86' lang='lat' dir='ltr'>fignum</span> <span class='ocrx_word' id='word_1_226' title='bbox 1652 3378 1771 3465; x_wconf 82' lang='lat' dir='ltr'>Ctun·</span> 
     </span>
     <span class='ocr_line' id='line_1_28' title="bbox 498 3479 1692 3582; baseline 0.001 -22"><span class='ocrx_word' id='word_1_227' title='bbox 498 3484 644 3575; x_wconf 78' lang='lat' dir='ltr'>nonis,</span> <span class='ocrx_word' id='word_1_228' title='bbox 669 3486 889 3576; x_wconf 64' lang='lat' dir='ltr'>Teutaccan</span> <span class='ocrx_word' id='word_1_229' title='bbox 902 3484 998 3564; x_wconf 88' lang='lat' dir='ltr'>Ude.</span> <span class='ocrx_word' id='word_1_230' title='bbox 1052 3482 1135 3581; x_wconf 83' lang='lat' dir='ltr'>Ego</span> <span class='ocrx_word' id='word_1_231' title='bbox 1153 3482 1308 3561; x_wconf 84' lang='lat' dir='ltr'>Samuel</span> <span class='ocrx_word' id='word_1_232' title='bbox 1329 3494 1482 3581; x_wconf 73' lang='lat' dir='ltr'>rogamus</span> <span class='ocrx_word' id='word_1_233' title='bbox 1498 3479 1630 3582; x_wconf 79' lang='lat' dir='ltr'>scripsi.</span> <span class='ocrx_word' id='word_1_234' title='bbox 1685 3550 1692 3561; x_wconf 90' lang='lat'><strong>.</strong></span> 
     </span>
    </p>
   </div>
   <div class='ocr_carea' id='block_1_5' title="bbox 0 0 2004 5417">
    <p class='ocr_par' dir='ltr' id='par_1_5' title="bbox 0 0 2004 5417">
     <span class='ocr_line' id='line_1_29' title="bbox 0 0 2004 5417; baseline 0 0"><span class='ocrx_word' id='word_1_235' title='bbox 0 0 2004 5417; x_wconf 95' lang='lat' dir='ltr'> </span> 
     </span>
    </p>
   </div>
  </div>
 </body>
</html>
