4000 5417
759 421 763 428 ’
908 447 1092 527 Crrnon.
1118 467 1180 522 nr
1207 443 1421 522 Cunnrnr

1595 671 1775 696 ῃ

514 770 543 792 ··
601 754 744 836 Fodera
770 773 933 849 namque
958 748 1057 826 thori
1078 746 1279 848 jungentes
1302 773 1407 826 more
1438 751 1565 851 priori,
1664 845 1673 850 ¹

602 856 815 936 Sollicitant
839 854 971 932 rhedas
997 849 1113 928 immo
1138 853 1281 928 violant
1306 853 1462 940 alienas,

604 955 722 1038 Dese
748 969 827 1033 tam
853 955 978 1042 natis,
1004 977 1118 1050 quarn
1142 956 1303 1032 natabus
1327 956 1528 1051 generatis.

604 1059 750 1140 iutuitu
775 1057 883 1146 dmi,
909 1079 1040 1157 verum
1065 1053 1169 1130 fastis
1195 1055 1356 1155 Epicuri.
1467 1121 1472 1128 .
1772 1129 1785 1150 ,

603 1163 744 1256 lllagna
785 1159 846 1236 secl
870 1170 915 1232 ut
937 1155 1062 1256 parvis
1088 1157 1307 1233 claudamus
1332 1159 1492 1257 plurima
1515 1163 1657 1262 paucir,
1773 1196 1779 1202 ·

604 1262 688 1338 Hoc
712 1259 830 1336 etiam
855 1259 966 1333 certis
990 1257 1190 1332 dinoscitur
1213 1260 1488 1356 experimentis,
1700 1279 1706 1289 ’

606 1363 754 1438 Horum
780 1360 938 1435 consiliis
962 1358 1001 1436 δι
1027 1359 1139 1434 cartis
1163 1360 1324 1457 undique
1349 1360 1472 1450 miffis,

607 1464 775 1540 Plurima
800 1461 961 1562 perfidiae
984 1462 1086 1536 mala
1111 1457 1206 1560 saepe
1231 1473 1378 1559 patrata
1402 1461 1522 1552 fuisse,

606 1563 799 1642 Scismatis
824 1583 984 1638 errorem
1010 1573 1132 1638 totum
1156 1561 1357 1660 spargendo
1382 1587 1446 1662 per
1470 1567 1610 1642 orbem.

606 1666 715 1743 Unde
740 1665 843 1762 super
866 1686 1021 1758 regnum
1047 1686 1145 1739 nnnc
1170 1663 1308 1742 constat
1333 1663 1476 1761 surgere
1501 1689 1672 1766 regnem,

440 1834 443 1844 .
605 1768 659 1841 Et
673 1777 814 1840 ‘contra
839 1779 988 1859 gentem
1014 1765 1122 1842 bellis
1147 1766 1340 1862 confligere
1365 1783 1531 1863 gentem,

604 1865 712 1942 Unde
738 1863 849 1938 modo
874 1865 1010 1941 crebris
1035 1866 1136 1942 dolet
1159 1868 1281 1943 omnis
1305 1881 1405 1945 terra
1429 1870 1600 1967 querelis.

604 1967 689 2044 Nos
719 1988 867 2062 quoque
888 1963 967 2061 jam
984 1990 1096 2043 canos
1123 1981 1246 2044 aetate
1272 1970 1468 2070 laboreque
1485 1972 1626 2060 tardos,
1746 2030 1753 2040 ³

604 2068 649 2142 ln
673 2065 840 2143 claustris
866 2069 976 2144 alitos
1000 2091 1065 2168 per
1090 2068 1225 2166 viginti
1249 2084 1381 2168 quater
1406 2097 1538 2163 annos,

603 2167 797 2265 Antiquae
821 2170 924 2266 leges
949 2184 1099 2268 parrum
1122 2172 1289 2268 ritusque
1316 2173 1523 2270 sequentes,
1653 2242 1658 2254 .

604 2271 785 2348 Fecerunt
810 2271 1013 2368 profugae,
1037 2273 1166 2348 nativo
1189 2273 1316 2347 limine
1340 2273 1476 2372 pulsos,
1672 2274 1676 2287 “
1794 2281 1801 2294 ’

603 2371 706 2448 Dum
731 2371 920 2466 dedignati
947 2364 1072 2450 sumus
1095 2372 1172 2450 illis
1197 2367 1358 2448 associari
1382 2374 1471 2471 (vel
1494 2371 1718 2473 assimilari)

605 2471 787 2548 Praefatae
812 2473 994 2562 haereses,
1021 2475 1204 2568 feriasque
1231 2473 1330 2569 sequi
1354 2489 1561 2549 renuentes.

604 2573 738 2663 Nunc,
766 2575 962 2651 oRomani
976 2597 1042 2652 rex
1067 2574 1195 2648 inclite
1221 2574 1340 2668 gloria
1364 2574 1480 2669 regni,

606 2671 725 2770 Cujus
749 2675 868 2754 honor
894 2675 1022 2773 sceptri
1046 2674 1220 2772 pertingit
1246 2675 1295 2748 ad
1319 2675 1455 2751 ultima
1479 2675 1592 2765 saecli,

510 2855 514 2864 ,
582 2797 584 2805 ’
606 2775 712 2853 Talia
737 2775 803 2854 c'nr
827 2777 987 2877 pateris,
1013 2797 1078 2852 cur
1102 2774 1185 2856 haec
1211 2772 1316 2851 linire
1341 2777 1509 2866 moraris,

604 2877 685 2956 Cur
709 2903 810 2968 non,
835 2879 1008 2967 domine,
1034 2877 1165 2966 dolen,
1191 2875 1331 2952 nostros
1355 2879 1562 2954 miserando
1588 2881 1748 2960 dolores.

603 2981 721 3056 Horis
745 2983 776 3058 T
776 2980 985 3057 euthonicis
1012 3001 1079 3056 cur
1103 2979 1265 3082 pullulat
1287 2978 1371 3055 haec
1397 2979 1582 3078 ypocrisis,
1732 2985 1742 3004 *

603 3081 699 3170 Cur,
725 3082 878 3172 invisie,
902 3083 980 3158 tuis
1005 3080 1130 3158 tarrac
1154 3079 1267 3154 finem
1291 3081 1379 3156 dare
1404 3082 1513 3156 cirris.

601 3183 760 3260 Noveris
786 3185 824 3258 in
850 3181 1017 3270 Christo,
1042 3179 1109 3258 nili
1135 3193 1302 3279 tempore
1327 3183 1493 3280 protinus
1518 3181 1596 3272 isto,

601 3283 782 3361 Concidet
807 3283 1076 3373 barchaeus,
1106 3304 1166 3359 res
1191 3282 1360 3359 adversas
1384 3284 1545 3382 patieris,
1668 3357 1672 3363 ,

599 3383 728 3474 eura,
755 3387 859 3462 labor
885 3385 1072 3476 crescent,
1098 3382 1137 3461 δι
1163 3391 1369 3482 numquam
1394 3385 1491 3460 bella
1517 3383 1712 3483 quiescent.
1734 3417 1744 3428 ·

322 3499 327 3508 '
488 3523 493 3527 ·
598 3488 723 3574 Quare
745 3486 929 3584 judicium
956 3489 1015 3564 fac
1047 3485 1192 3564 Christo
1210 3485 1336 3582 judice
1358 3481 1525 3583 dignum,

599 3589 737 3666 Confer
761 3611 869 3689 opem
895 3589 1035 3666 miseris
1060 3589 1283 3690 inopumque
1309 3599 1465 3680 movere·
1483 3589 1657 3687 querelis,

466 3725 470 3730 ·
598 3687 720 3769 Unica
745 3703 787 3767 tu
814 3691 921 3768 nobis
946 3693 1052 3792 spes,
1078 3705 1205 3792 portus
1228 3690 1269 3769 δι
1294 3713 1385 3767 aura
1411 3691 1551 3769 salutis.
1654 3747 1659 3761 .

488 3861 493 3870 .
598 3789 666 3868 Ad
691 3797 773 3870 loca
797 3816 867 3868 nos
890 3814 1043 3891 propere
1068 3795 1196 3871 nativa
1217 3791 1346 3890 jubeto
1371 3794 1504 3883 redire,

598 3893 681 3981 Quo
707 3896 900 3971 valeamus
926 3895 976 3971 ibi
1003 3895 1163 3971 Domino
1190 3895 1323 3971 servire
1348 3895 1477 3993 quieti,

594 3995 654 4072 Ut
675 4018 758 4072 mos
782 3995 1033 4072 Teuthonicus
1052 3991 1184 4090 jubet,
1209 4009 1323 4092 atque
1346 4012 1452 4096 pater
1475 3997 1706 4078 Benedislos.

593 4097 649 4175 Et
675 4093 700 4170 sr
725 4097 768 4173 srt
793 4098 871 4173 voti
896 4117 1048 4195 compos
1073 4094 1193 4172 oratio
1217 4097 1337 4185 nostri,
1482 4129 1488 4136 ·
1747 4111 1758 4120 “
1876 4103 1880 4110 ’

551 4299 555 4305 Ι
593 4195 754 4276 Oramus
766 4221 833 4300 pro
849 4212 886 4280 te
900 4211 980 4278 tam
993 4223 1113 4289 nunc,
1140 4219 1253 4304 quam
1267 4211 1416 4301 ternpus
1430 4201 1470 4278 in
1483 4225 1605 4279 omne.
1664 4193 1765 4275 Asti-
