4000 5417
411 431 416 438 ’
489 457 578 534 eqo
879 404 1069 512 Cenon.
1095 449 1158 507 nr
1184 427 1399 510 Csssrn

1213 595 1777 627 Q

385 773 392 782 ·
503 739 661 816 eandem
673 735 862 818 ecclesram
877 761 964 814 cum
980 736 1210 838 pertinentiis
1238 737 1311 814 iuIs
1324 739 1406 814 loco
1419 737 1594 818 advocati
1608 766 1778 843 apravo·

503 841 817 924 rumhominum
841 839 1068 916 infestatione
1094 839 1294 932 defendat3
1328 840 1540 938 peregrinos
1563 858 1692 920 autern
1715 847 1778 922 vel

503 943 666 1043 hospites
680 941 838 1029 vestros,
852 943 915 1039 qui
927 942 961 1017 se
977 942 1028 1019 ibi
1044 941 1175 1041 sepiliri
1189 941 1490 1032 deliberaverint,
1515 943 1708 1044 sepeliendi
1722 947 1777 1023 fa·

505 1045 685 1122 cultatem
704 1045 858 1130 liberam
873 1043 1068 1133 habeatis,
1095 1043 1261 1119 htamen
1281 1045 1598 1123 excommunicati
1622 1072 1697 1124 non
1716 1048 1778 1124 su·
1802 1130 1805 1135 ,

505 1147 613 1224 erint.
632 1147 871 1222 Decemimus
885 1167 992 1243 ergo,
1019 1160 1063 1222 ut
1077 1144 1170 1221 nulli
1183 1145 1335 1228 omnino
1348 1145 1544 1223 hominum
1559 1149 1671 1225 liceat
1684 1172 1777 1248 prae·

504 1247 625 1326 fatam
647 1247 837 1324 ecclesram
864 1261 1001 1324 temere
1022 1247 1261 1347 perturbare,
1288 1260 1355 1323 aut
1375 1245 1456 1344 ejus
1472 1249 1696 1348 poffeffiones
1710 1275 1778 1326 au-

505 1349 626 1439 ferre,
651 1352 712 1428 vel
728 1350 873 1428 ablatas
897 1350 1078 1438 retinere,
1103 1350 1292 1436 minuere,
1319 1351 1590 1448 autaliquibus
1611 1352 1777 1430 vexatio·

505 1455 615 1532 nibus
636 1449 819 1550 fatigare,
847 1451 909 1526 sed
930 1452 1056 1530 omnia
1080 1451 1225 1548 integra
1246 1451 1504 1529 conserventur
1528 1477 1683 1543 eorum,
1709 1476 1777 1553 pro

506 1577 664 1653 quorum
679 1554 943 1650 gubernatione
959 1551 997 1628 dc
1015 1551 1269 1629 sustentatione
1285 1553 1549 1644 concessarum,
1562 1553 1777 1633 usrbusom-

476 1728 479 1734 ,
506 1656 668 1731 trimodis
690 1657 907 1754 profutura3
936 1655 1037 1730 salva
1057 1654 1239 1732 diocesani
1259 1653 1413 1754 episcopi
1444 1657 1621 1732 canonica
1637 1655 1777 1752 justitia

506 1755 545 1832 dt
563 1755 767 1852 apostolicae
789 1757 883 1830 sedis
897 1755 1122 1832 auctoritate.
1175 1757 1215 1831 Si
1238 1781 1313 1853 qua
1338 1758 1450 1852 igitur
1463 1759 1506 1837 in
1530 1759 1700 1834 futurum
1716 1758 1794 1832 ec·'

493 1853 721 1948 ,clesrallicm
748 1855 980 1934 saecularisve
996 1857 1149 1956 persona
1173 1857 1271 1934 hanc
1286 1858 1418 1935 nostrae
1434 1858 1699 1936 constitutionis
1714 1881 1778 1958 pa-

506 1958 632 2053 ginam
650 1956 764 2032 sciens
786 1971 915 2034 contra
929 1981 1015 2034 eam
1030 1972 1168 2034 temere
1183 1961 1309 2036 venire
1324 1963 1586 2060 temptaverit,
1611 1961 1778 2049 secundo,

505 2059 661 2136 tertiove
687 2059 939 2152 commonita,
965 2057 992 2134 sr
1015 2085 1091 2136 non
1111 2061 1357 2138 satisfactione
1371 2087 1536 2160 congrua
1559 2064 1779 2141 emendave-

505 2161 571 2248 rit,
598 2159 807 2260 potestatis,
834 2161 1056 2259 honorisque
1080 2161 1133 2239 sui
1157 2163 1338 2259 dignitate
1364 2178 1517 2252 careat,
1542 2187 1716 2262 rmmque
1742 2163 1779 2240 se

431 2301 437 2309 ·
505 2261 628 2337 divino
641 2257 781 2356 judicio
797 2261 947 2339 existere
961 2264 1008 2339 de
1024 2277 1230 2362 perpetrata
1252 2262 1447 2360 iniquitate
1473 2265 1685 2359 cognoscat,
1700 2265 1739 2341 dt
1755 2289 1780 2340 a

506 2361 739 2438 sacratissrmo
766 2386 915 2462 corpore
937 2363 975 2441 &
1002 2365 1176 2461 sanguine
1202 2364 1333 2440 Dei&
1359 2365 1508 2440 Domini
1533 2365 1778 2460 redemptoris

506 2462 615 2541 nostri
631 2463 712 2564 Jesu
736 2463 871 2542 Christi
892 2466 1013 2542 aliena
1035 2466 1125 2554 fiat,
1152 2483 1264 2562 atque
1282 2467 1320 2539 in
1340 2475 1508 2550 extremo
1529 2465 1699 2540 examine
1722 2464 1778 2539 di-

505 2565 633 2650 striltae
649 2565 781 2641 ultioni
802 2563 1009 2662 subjaceat,
1036 2566 1175 2648 canitis
1196 2578 1322 2641 autem
1341 2565 1462 2640 eidem
1485 2563 1580 2660 julia
1602 2561 1779 2643 servanti·

508 2667 578 2744 bus
590 2665 634 2743 srt
659 2691 733 2767 part
759 2667 909 2743 Domini
931 2665 1041 2742 nostri
1066 2666 1147 2767 Jesu
1167 2665 1327 2755 Christi,
1353 2665 1586 2763 quatinus&
1605 2667 1667 2762 hic
1700 2665 1779 2742 sru-

507 2769 607 2845 ilum
639 2769 746 2847 bonae
768 2769 916 2844 astionis
941 2769 1169 2869 percipiant,
1202 2767 1242 2846 dt
1262 2767 1362 2867 apud
1386 2765 1584 2844 distriltum
1613 2767 1779 2864 judicem

504 2872 660 2976 praemia
676 2885 824 2950 aeternae
838 2870 940 2969 pacis
956 2871 1169 2958 inveniant,
1185 2891 1307 2944 amen.
1336 2867 1490 2944 Ostende
1500 2869 1606 2944 nobis
1622 2869 1781 2945 Domine
1879 2910 1885 2928 ι

506 2973 791 3050 misericordiam
804 2985 922 3048 tuam.
975 2973 1079 3048 Bene
1095 2971 1227 3046 valete.
1254 2971 1337 3066 Ego
1351 2970 1490 3044 Lucius
1503 2967 1706 3049 Catholicae
1720 2994 1779 3046 ec-

507 3074 624 3152 clesrae
640 3074 828 3175 episcopus
846 3072 1035 3171 subscripsr.
1090 3074 1172 3167 Ego
1196 3072 1392 3148 Conradus
1417 3070 1623 3146 Sabinensrs
1645 3071 1778 3169 episco÷

506 3175 628 3274 pusii.
682 3177 764 3272 Ego
786 3175 988 3272 Gregorius
1009 3175 1187 3250 diaconus
1211 3173 1409 3250 cardinalis
1433 3171 1634 3247 ianitorum
1658 3171 1778 3267 Sergii

506 3276 547 3354 δι
561 3277 682 3353 Bachi
705 3275 742 3352 is.
796 3278 878 3374 Ego
903 3275 1179 3353 Theodewinus
1203 3274 1334 3352 sanaae
1359 3272 1504 3352 Rufinae
1528 3273 1712 3372 episcopus
1736 3269 1776 3348 is.

507 3379 589 3475 Ego
623 3377 1036 3472 Gerharduqdiaconus
1058 3377 1255 3453 cardinalis
1282 3375 1412 3454 sanstae
1438 3374 1567 3452 Mariae
1589 3375 1627 3449 in
1660 3373 1778 3450 domi·

226 3443 231 3448 ,
374 3568 376 3572 ,
508 3481 593 3556 nica
608 3480 645 3555 ss.
679 3481 777 3575 vEgo
793 3467 990 3556 Albericus
1005 3477 1172 3563 Ostiensrs
1186 3478 1373 3578 episcopus
1388 3474 1428 3555 ss.
1480 3477 1561 3573 Ego
1573 3476 1709 3554 Gwido
1723 3475 1780 3552 di·

509 3605 648 3658 aconus
662 3581 858 3657 cardinalis
874 3581 1077 3658 saniiorum
1102 3582 1252 3658 Cosmae
1265 3579 1305 3656 dt
1320 3577 1542 3655 Damianili.
1577 3581 1660 3675 Ego
1676 3579 1782 3655 Osta-

508 3685 642 3760 vianus
655 3683 832 3772 ¹diaconus
845 3684 1046 3760 cardinalis
1060 3681 1169 3758 santii
1183 3681 1326 3758 Nicolai
1340 3682 1378 3758 in
1392 3704 1537 3756 carcere
1561 3677 1779 3756 Tullianoss.

510 3785 593 3881 Ego
616 3787 748 3861 Petrus
779 3785 970 3884 presbyter
993 3785 1188 3861 cardinalis
1214 3774 1259 3860 de
1281 3783 1388 3858 titulo
1410 3782 1575 3882 pastoris
1588 3779 1781 3880 subscripsr.

510 3885 591 3982 Ego
608 3889 740 3964 Petrus
754 3885 973 3962 Albanensrs
990 3885 1222 3986 episcopusss.
1233 3887 1331 3960 Data
1338 3885 1534 3966 Lateranis
1549 3906 1615 3984 per
1629 3903 1783 3960 manum

510 3985 669 4068 Batonis
695 3988 880 4090 capellani
900 3987 940 4068 &
972 3987 1180 4088 scriptoris,
1206 3987 1339 4066 Ilidus
1362 3982 1462 4086 Maj,
1479 3983 1786 4103 inditiioneqilll.¹
1917 4043 1922 4050 .

589 4160 607 4179 ..
1619 4111 1638 4140 ’·
1674 4109 1731 4162 m·
