4000 5417
537 470 583 578 '38
731 538 736 545 .
767 524 771 531 -
888 472 1072 553 Canon.
1099 490 1155 547 rm
1180 467 1396 555 Cnnnrro

535 642 1066 667 unna-*fl

536 784 627 885 pisci
642 774 861 869 mereamur,
878 779 974 854 dono
991 798 1054 877 per
1068 776 1140 850 hoc
1155 774 1415 852 testamentum
1432 775 1481 850 ad
1495 774 1606 853 Stum
1621 779 1692 852 Dei
1706 802 1809 855 mar·
1841 856 1845 863 ,

530 875 660 984 ¹tyrem
677 883 891 968 Nazarium,
906 880 970 977 qui
991 877 1185 974 requiescit
1201 877 1406 975 incorpore
1421 877 1741 977 inpagoRanrnse,
1768 883 1809 956 in

536 985 755 1065 monasterio
771 982 1031 1083 cognominato
1043 978 1268 1067 Laureolum,
1282 978 1348 1053 fito
1363 978 1467 1079 super
1478 976 1635 1056 fluvium
1648 980 1704 1060 W
1699 985 1807 1077 isgoz,
1913 1024 1917 1027 ·

490 1104 494 1127 ¹
537 1091 602 1165 ubi
629 1088 805 1163 moderno
832 1102 996 1183 tempore
1022 1079 1080 1156 vir
1106 1079 1328 1159 venerabilis
1365 1080 1519 1157 Samuel
1550 1082 1743 1180 episcopus
1767 1082 1807 1160 δι

540 1192 656 1268 abbas
670 1190 886 1285 regulariter
912 1182 1056 1285 praeesse
1071 1182 1242 1270 videtur,
1267 1182 1541 1259 &veneranda
1567 1186 1808 1281 congregatio

536 1293 806 1370 monachorum
823 1290 882 1365 die
892 1286 1071 1384 nodoque
1090 1285 1249 1359 Domino
1261 1282 1441 1360 deservire
1456 1284 1675 1374 dinoscitur,
1690 1288 1805 1363 dona·

536 1412 692 1491 tumque
714 1394 754 1467 in
779 1404 997 1493 perpetuum
1023 1386 1092 1461 elic
1113 1387 1226 1473 volo,
1259 1385 1580 1485 &promptissima
1612 1390 1807 1465 voluntate

505 1582 510 1591 ‚
537 1494 743 1583 confirmo,
768 1493 840 1569 hoc
856 1492 926 1580 est,
949 1490 1054 1588 qood
1068 1487 1174 1564 trado
1190 1510 1248 1563 res
1272 1487 1506 1587 proprietatis
1528 1511 1623 1567 meae
1644 1490 1682 1565 in
1707 1514 1807 1588 pago

539 1597 788 1693 disiungant,
816 1618 910 1693 quas
933 1592 1027 1697 mihi
1053 1588 1320 1687 gloriosrffimus
1345 1590 1514 1689 princeps
1539 1591 1709 1666 dominus
1729 1593 1805 1667 Lu-

540 1702 688 1775 dorvirus
704 1720 768 1773 rex
791 1694 991 1793 largilfima
1006 1693 1227 1768 liberalitate
1242 1688 1433 1780 conceffit,
1459 1690 1498 1768 δι
1520 1692 1566 1767 de
1588 1690 1669 1787 jure
1685 1694 1748 1767 suo
1764 1695 1805 1771 in

535 1800 599 1899 jus
615 1822 740 1875 meum
756 1798 892 1875 solenni
917 1795 1113 1872 donatione
1131 1792 1340 1891 transtulit,
1367 1816 1411 1869 ac
1425 1795 1599 1895 praeoepti
1615 1795 1668 1871 sui
1681 1796 1806 1871 autio-

541 1904 651 1979 ritate
678 1903 716 1977 in
739 1904 998 2001 proprietatem
1023 1895 1117 1972 mihi
1137 1896 1382 1983 condonavit,
1408 1896 1527 1986 idest,
1553 1899 1683 1973 villam
1699 1896 1805 1974 sitam

526 2002 648 2105 'super
662 2004 815 2079 lluvium
846 2002 1010 2096 Wisgoz,
1035 1999 1217 2075 vocabulo
1232 1998 1410 2094 Bidibfloz,
1425 2022 1512 2073 cum
1527 1999 1682 2075 ecclesra
1705 2001 1744 2075 in
1757 2025 1805 2077 ea

542 2106 767 2194 construsla,
794 2101 1044 2190 tc'omnibos,
1070 2122 1156 2198 quae
1177 2100 1226 2176 ad
1250 2096 1409 2180 eandem
1429 2102 1559 2175 villam
1577 2104 1636 2177 vel
1661 2118 1806 2177 curtem

539 2209 705 2305 legitime
721 2207 878 2307 aspicere
893 2206 1082 2290 videntur,
1107 2202 1145 2279 &
1162 2203 1320 2280 alteram
1336 2201 1464 2278 villam
1480 2200 1585 2276 fitam
1603 2204 1624 2275 s
1620 2226 1806 2301 upereun·

540 2312 626 2387 dem
642 2310 798 2387 fluvium
818 2317 1072 2403 nuncupatam
1102 2302 1332 2383 Watlenluim
1352 2357 1363 2392 ,
1387 2302 1562 2401 quicquid
1582 2304 1622 2378 in
1634 2326 1680 2378 ea
1698 2304 1806 2401 porfi-

541 2414 637 2500 deo,
663 2423 819 2509 excepta
833 2406 985 2482 ecclesra
999 2404 1038 2483 ἀ
1057 2404 1260 2495 beneficio,
1285 2404 1385 2501 quod
1406 2406 1444 2480 in
1463 2428 1507 2480 eo
1529 2404 1669 2481 habent
1685 2406 1805 2501 Eges-

516 2516 631 2590 .here
657 2512 696 2587 dt
718 2510 931 2597 Bernhere,
957 2508 1056 2605 quod
1081 2508 1203 2582 illisa
1237 2509 1387 2582 domino
1408 2530 1495 2604 rege
1513 2507 1552 2581 in
1585 2506 1806 2584 beneficium

405 2638 409 2644 ·
475 2706 479 2715 ¹
542 2612 732 2711 quondam
748 2612 878 2687 datum
893 2608 1038 2697 fuerat,
1063 2608 1102 2687 dt
1117 2611 1266 2685 tertiam
1277 2610 1409 2713 villam
1423 2608 1701 2685 denominatam
1716 2611 1807 2684 Zul-

434 2718 439 2726 '
545 2718 668 2817 losicin,
696 2736 781 2810 quae
796 2712 862 2789 fita
875 2711 925 2787 est
950 2714 989 2787 in
1005 2712 1084 2808 ripa
1108 2711 1222 2788 Rheni
1234 2711 1409 2800 fluminis,
1424 2734 1511 2787 cum
1531 2726 1639 2811 porto
1661 2713 1700 2788 dr
1716 2734 1806 2797 cum

544 2816 645 2893 omni
658 2816 865 2915 integritate
884 2813 958 2889 sua.
1009 2814 1105 2890 Haec
1119 2814 1271 2902 omnia,
1294 2826 1339 2890 ut
1359 2814 1547 2904 diximus,
1574 2813 1806 2911 lubintegri·

530 2933 639 3007 tate,
665 2942 752 2994 cum
766 2916 936 2995 omnibus
958 2914 1239 3015 appenditiis&
1262 2917 1430 2992 terminis
1445 2916 1544 3006 suis,
1568 2914 1608 2994 dt
1623 2940 1710 2993 cum
1724 2938 1805 2992 om·

526 3019 653 3097 'nibus
668 3020 716 3097 ad
732 3020 765 3095 se
781 3019 1065 3119 pertinentibus
1089 3014 1209 3105 idest,
1236 3017 1400 3106 basilica,
1425 3020 1616 3106 domibus,
1642 3020 1805 3095 caeteris·

544 3146 614 3220 que
629 3121 818 3209 adificiis,
844 3122 975 3207 terris,
1001 3120 1133 3218 pratis,
1160 3117 1291 3215 sylvis,
1317 3120 1482 3217 campis,
1507 3118 1670 3218 pascuis,
1693 3121 1804 3214 aquis

546 3245 775 3321 aquarumve
808 3221 1043 3310 decursibus,
1076 3222 1187 3297 cultis
1218 3223 1311 3297 locis
1337 3222 1375 3299 &
1398 3222 1569 3307 incultis,
1604 3220 1804 3297 mobilibus

534 3326 705 3429 rebus&
721 3323 972 3401 immobilibus
988 3377 999 3414 ,
1026 3347 1070 3399 ac
1087 3320 1122 3397 se
1140 3322 1238 3422 ipsas
1263 3324 1520 3411 moventibus,
1544 3322 1604 3398 vel
1623 3321 1804 3420 quicquid

542 3427 772 3504 denominari
787 3423 917 3525 potest,
944 3440 1011 3500 aut
1026 3450 1099 3501 non
1111 3424 1251 3523 potest,
1278 3449 1364 3500 cum
1379 3424 1571 3526 mancipiis
1594 3423 1723 3502 diversi
1748 3424 1804 3501 se·

542 3552 617 3604 xus
631 3529 668 3606 δι
684 3530 806 3605 aetatis
820 3550 973 3603 numero
994 3528 1196 3623 nonaginta
1221 3529 1394 3624 quinque.
1447 3530 1543 3606 Haec
1557 3527 1681 3603 omnia
1699 3526 1806 3626 supe·

433 3662 435 3667 ·
544 3632 621 3707 rius
647 3630 884 3707 denominata
904 3653 927 3703 a
947 3630 1007 3704 die
1033 3627 1209 3727 praesente
1222 3630 1268 3703 de
1288 3626 1372 3725 jure
1386 3652 1472 3703 meo
1486 3630 1526 3704 in
1547 3629 1609 3726 jos
1633 3627 1806 3706 &domi-

542 3734 649 3809 nium
659 3732 766 3811 sandti
783 3731 949 3819 Nazarii,
965 3732 1218 3829 retlorumque
1232 3730 1342 3829 ipsius
1356 3728 1563 3805 monasterii
1572 3733 1678 3820 dono,
1685 3732 1805 3820 trado,

542 3850 655 3939 atqge
670 3832 888 3917 transfundo
902 3832 941 3913 in
954 3832 1024 3907 Dei
1038 3835 1187 3909 nomine
1206 3834 1467 3931 perpetualiter
1482 3833 1531 3907 ad
1543 3832 1807 3930 poffidendum,

540 3958 586 4012 ea
612 3936 782 4011 videlicet
813 3933 953 4009 ratione
985 3949 1233 4010 memoratam
1259 3936 1496 4011 donationem
1522 3948 1638 4030 atque
1662 3934 1810 4009 traditi-

534 4058 649 4117 onem
665 4037 830 4125 faciens,
856 4048 899 4111 ut
914 4034 1151 4134 quamdiuin
1174 4037 1247 4112 hac
1262 4038 1489 4115 mortalitate
1516 4036 1645 4151 divina
1652 4034 1810 4131 juffione

1605 4154 1751 4223 vrxero,
