4000 5417
453 329 1212 494 SnuXIHnruarcoIifnncn..
1278 329 1283 341 Ι
1338 429 1344 440 ·
1401 403 1469 486 183

729 679 936 774 CXXIV.

200 859 465 990 Humnrcus
493 847 561 924 Dei
577 847 694 944 gratia
714 871 807 937 rex,
833 849 1009 926 Udalrico
1023 851 1219 928 monacho.
1273 851 1465 941 Miramur,

289 980 365 1053 quo
383 951 492 1039 ausu,
519 947 672 1045 cujusve
702 949 829 1027 solatio
854 951 1041 1028 abbatiam
1062 953 1224 1029 nostram
1249 967 1378 1032 contra
1402 979 1472 1032 nos

198 1059 357 1133 retinere
383 1053 565 1139 volueris,
590 1073 658 1127 nec
684 1052 790 1128 nobis
815 1053 900 1128 inde
923 1053 1109 1152 serviens.
1132 1079 1202 1132 nec
1223 1068 1381 1155 patrono
1405 1081 1471 1132 no·

199 1159 269 1234 stro
296 1157 343 1234 A.
361 1159 420 1234 cui
433 1156 531 1232 hanc
546 1153 740 1242 dedimus,
767 1153 963 1252 quicquam
988 1154 1223 1251 subjetiionis,
1240 1157 1470 1258 impertiens.

200 1263 427 1359 Quapropter
440 1259 639 1344 volumus,
665 1254 889 1354 firmiterque
903 1257 968 1332 tibi
983 1257 1048 1334 sub
1068 1259 1370 1337 interminatione
1384 1282 1471 1360 pro-

198 1362 289 1461 priae
302 1360 432 1438 salutis·
454 1357 715 1458 praecipimus,
750 1370 792 1434 ut
818 1358 955 1456 absque
981 1382 1086 1436 mora
1106 1360 1226 1437 nostra
1259 1363 1469 1460 relinquere

199 1487 273 1538 non
289 1461 454 1552 differas,
480 1482 548 1536 nec
569 1459 725 1534 ulterius
740 1460 879 1560 aliquid
893 1462 938 1536 de
952 1461 1048 1538 hisce
1069 1463 1310 1540 intromittere
1334 1464 1472 1565 praesu·

198 1585 304 1654 mas,
331 1565 474 1661 virgam
490 1583 637 1661 quoque
651 1562 784 1639 nuncio
798 1559 917 1640 nostro
933 1561 1041 1640 nobis
1066 1565 1283 1664 portandam
1304 1567 1442 1642 tradas.

89 1904 94 1911 ε
197 1761 348 1944 Aliae
374 1695 734 1877 quoqueqlitterae
761 1759 964 1848 fratribus
989 1759 1119 1846 miiiae
1146 1764 1199 1846 ab
1234 1762 1470 1851 obedientia

309 1879 449 1962 abbati
469 1873 674 1963 ullatenus
688 1871 757 1964 vel
774 1871 965 1964 ulterius'
979 1869 1215 1962 exbibenda
1240 1901 1317 1960 cos
1339 1873 1470 1963 deter-

200 1991 350 2110 rebant
365 1991 409 2075 in
436 1987 546 2074 hunc
561 1989 747 2079 modum.

753 2219 941 2314 CXXV.

189 2391 453 2526 Hammeum
479 2381 550 2462 Dei
583 2386 701 2484 gratia
724 2409 817 2477 rex,
846 2385 1023 2463 fratribus
1053 2383 1470 2464 Laureshammenfibns

277 2490 436 2588 gratiam
450 2488 566 2566 suam.
617 2489 724 2568 SIcut
739 2489 786 2565 de
802 2487 919 2566 vestra
940 2489 1081 2587 semper
1095 2487 1304 2564 obedientia
1325 2489 1468 2588 accepi·
1597 2515 1603 2526 ·

188 2613 301 2679 mus,
327 2590 373 2666 src
388 2590 426 2667 δι
441 2591 552 2666 modo
577 2593 731 2690 probare
742 2591 931 2669 volumus.
983 2589 1221 2690 Praecipimus
1247 2591 1396 2688 quidem
1418 2589 1466 2668 V.
1556 2615 1561 2622 ·

188 2692 377 2792 quondam
395 2693 530 2766 ditium
545 2693 715 2770 abbatem
729 2691 912 2782 vestrum,
938 2715 1052 2791 quem
1076 2716 1145 2768 nos
1164 2707 1313 2793 propter
1337 2693 1465 2768 inobe-

186 2793 373 2869 dientiam
387 2791 425 2864 bt
449 2793 592 2866 malurn
612 2797 828 2892 exemplum
853 2808 1039 2870 temerum
1051 2791 1325 2890 judicavimus,
1350 2795 1464 2874 nichil
1539 2852 1546 2868 .

187 2893 302 2984 vobis
318 2889 447 2965 debere
460 2887 612 2983 jubere,
636 2915 704 2964 nec
718 2917 786 2966 vos
798 2896 898 2968 ultra
914 2896 949 2969 ei
975 2896 1123 2976 obedire
1137 2895 1280 2970 debere.
1323 2893 1465 2992 Ergosi

185 2993 323 3072 nostrae
339 2989 521 3070 voluntati
537 2989 813 3095 obsecundetis,
838 2994 877 3068 in
891 2995 994 3072 nullo
1013 2994 1078 3074 iibi
1096 2997 1256 3097 amplius
1269 2996 1462 3078 obediatia

187 3221 371 3395 Abbas
390 3219 519 3332 igitur
546 3213 690 3300 habito
715 3213 908 3320 confilio‚
937 3217 1041 3306 dans
1066 3217 1205 3308 locum
1223 3223 1329 3325 irae,
1387 3249 1464 3304 rae·

297 3351 423 3448 cepto
470 3331 616 3430 aruit,
644 3324 692 3411 br·
706 3329 966 3522 Masontiam
984 3327 1028 3417 se
1045 3332 1098 3418 ad
1113 3329 1297 3422 santium
1339 3249 1465 3419 Χώε-

184 3475 292 3533 num
318 3464 417 3529 cont
462 3446 511 3527 it.
537 3439 699 3534 Verum
728 3439 783 3522 m‘
803 3441 882 3525 ites
899 3442 943 3530 br
970 3443 1112 3529 fideles
1141 3443 1320 3531 ecclefiae
1348 3445 1463 3554 ejnn,

183 3553 418 3646 absentiam
439 3583 524 3640 non
541 3551 744 3657 ferentes,
765 3554 904 3654 veriti,
921 3583 972 3637 ne
990 3583 1074 3668 qua
1090 3555 1274 3643 hostibus
1291 3555 1462 3642 daretur

183 3669 379 3769 occasio,
412 3668 546 3754 statim
585 3695 685 3752 eum
721 3690 1058 3768 revocaverunt,
1087 3666 1132 3755 bt
1160 3669 1458 3758 Anncnmmo

183 3778 328 3869 comiti
344 3777 389 3864 de
416 3781 613 3884 Kalama,
640 3802 734 3868 tum
751 3783 861 3866 inter
881 3807 956 3864 eos
980 3781 1143 3888 &natu
1160 3779 1302 3869 &fide
1323 3842 1334 3882 ,
1361 3784 1461 3866 ami·

186 3918 426 4010 corumque
445 3922 493 3982 ac
511 3891 702 3986 militaris
721 3895 783 3982 rei
801 3895 922 4010 copia
935 3897 1223 4010 praeminenti‚
1252 3919 1461 4098 Ἓιηεη·

1334 4035 1403 4098 VO·
