4000 5417
485 464 542 519 ru
569 462 695 518 rutro
719 442 1107 522 Lononuuunsn
1390 446 1465 541 603

183 750 249 827 ubi
270 745 491 825 venerabilis
508 742 731 841 Adalungus
753 746 867 821 abbas
897 744 1033 821 ‘raeelle
1056 743 1220 834 videtur,
1243 743 1410 842 jhobam
1423 742 1463 823 ὅτ

184 848 248 949 xvj
270 848 408 947 iumal.
438 848 485 925 de
512 859 612 923 terra
640 847 802 924 araturia
822 847 862 925 iu
976 846 1141 935 mmm,
1179 870 1266 922 cum
1292 848 1457 945 campis,

184 953 320 1053 pratis,
351 950 509 1051 pascuis,
544 948 703 1047 perviis,
729 946 847 1037 finis,
880 948 1082 1038 domibus,
1115 947 1300 1036 aediliciis,
1335 948 1458 1046 aquis,

186 1076 415 1151 aquarumve
445 1049 669 1138 decursibus,
702 1046 774 1146 &j
798 1050 1046 1151 mancipium,
1079 1052 1181 1148 quod
1210 1062 1362 1127 vocatur
1386 1050 1460 1125 Re·

186 1156 395 1251 ginbertus,
420 1152 460 1230 ὅ(
475 1152 656 1251 quidquid
671 1151 710 1226 in
724 1151 788 1227 illo
813 1154 897 1228 loco
923 1153 1120 1229 habuimus
1135 1152 1206 1229 &c
1230 1152 1264 1227 X
1280 1150 1457 1226 kalendas
1487 1179 1541 1245 ²3·
1557 1156 1650 1226 Mart.

186 1253 340 1354 Aprilis.
392 1254 550 1349 Signum
570 1254 707 1341 lsheri,
729 1252 794 1349 qui
813 1254 911 1331 hanc
933 1255 1170 1331 donationem
1184 1254 1290 1342 iecit,
1315 1251 1459 1349 signum
1565 1280 1571 1289 ¹

41 1377 49 1425 ι
186 1356 403 1450 Theoberti,
428 1354 619 1445 Leidradi,
645 1354 806 1431 Roholli.
859 1354 1063 1433 Altuuinus
1091 1354 1240 1456 scripsit.

41 1485 47 1526 Ι
664 1483 668 1488 ,

598 1672 601 1677 ¹
655 1552 980 1649 DCCLXXIV.
1022 1600 1036 1645 .·

498 1695 679 1791 Duratio
696 1695 960 1813 thrgmei
986 1697 1149 1788 concitis.

187 1872 407 2005 Regnante
426 1862 577 1981 domino
598 1863 715 1941 nostro
739 1865 941 1944 Ludewicu
960 1864 1205 1962 gloriohlhmo
1224 1868 1463 1983 imperaturo,

191 1968 1464 2167 mwltzhllllllihilllllhllllnllhllll:

187 2166 339 2244 resham
353 2221 376 2255 ,‚
409 2169 472 2245 ubi
502 2168 560 2246 vir
589 2170 813 2247 venerabilis
852 2170 1078 2267 Adalungus
1111 2172 1259 2247 videtur
1291 2169 1464 2271 praeelie,

188 2290 304 2345 unam
329 2268 470 2346 hobam
496 2269 536 2345 in
560 2267 820 2360 Ellclmlcim,
860 2292 1022 2370 quama
1050 2272 1110 2351 die
1132 2273 1301 2372 praesenti
1333 2274 1371 2349 in
1396 2274 1466 2349 Dei

173 2370 336 2445 ,nomine
369 2370 590 2447 transfundo
620 2371 879 2471 perpetualiter
914 2372 1194 2471 poihdendum,
1233 2373 1464 2474 stipulatione

185 2468 351 2546 subnixa.
404 2468 542 2547 Atium
563 2472 601 2547 in
622 2472 838 2551 monasterio
859 2473 1073 2550 Learchum
1089 2475 1161 2554 XV
1183 2474 1364 2553 kalendas
1389 2476 1464 2553 No·
1496 2466 1547 2535 ¹8·
1569 2452 1642 2521 ⁰⁸⁶

184 2570 361 2648 vembris.
413 2571 571 2669 Signum
591 2572 928 2655 Wmuucowours
948 2598 1135 2664 commrs,
1161 2576 1224 2671 qui
1239 2577 1336 2653 hanc
1351 2576 1466 2653 dona·
1517 2608 1526 2619 ·
1672 2636 1677 2650 .
1714 2613 1719 2618 ·

186 2673 373 2747 nationem
401 2673 491 2748 fecit
519 2673 559 2752 δι
588 2674 727 2752 firmari
765 2676 939 2772 rogavit,
980 2675 1124 2775 figuum
1153 2676 1466 2767 Suburenzionis.
1578 2752 1582 2765 ,

186 2770 332 2868 signum
344 2772 576 2853 Warmanni.
627 2774 837 2858 Altumnus.
858 2776 1000 2875 scriplit.

671 2970 981 3063 DCCLXXV.
1052 3080 1060 3097 .

419 3108 600 3202 Donatic
628 3108 865 3229 Rursuindis
891 3108 933 3199 in
964 3113 1095 3199 eadem
1122 3111 1230 3204 villu

189 3289 289 3418 Ego
305 3276 460 3375 denique
482 3276 522 3352 in
539 3276 671 3354 Christi
696 3276 844 3355 nomine
859 3274 1061 3354 Rutluuint
1075 3302 1140 3379 pro
1157 3284 1317 3361 remedio
1332 3288 1465 3367 animae

170 3392 174 3400 ’
268 3404 362 3459 meae
390 3379 498 3457 trado
518 3379 566 3455 ad
587 3383 716 3458 aulam
739 3378 849 3455 sensti
873 3375 1101 3475 Archangeli
1131 3382 1351 3475 Michaelis,
1377 3408 1461 3486 quae
1641 3446 1644 3451 .

189 3482 389 3558 construsta
411 3480 525 3557 estin
544 3480 670 3557 Lolod.
693 3481 895 3575 inmonte,
921 3482 984 3577 qui
1006 3496 1158 3567 vocatur
1181 3510 1274 3561 mons
1288 3488 1465 3581 Abrahae,
1626 3528 1628 3533 ·

192 3579 393 3681 superque
415 3583 638 3662 venerabilis
661 3581 876 3673 Gerhardus
895 3582 992 3658 abba
1013 3583 1227 3681 potestatem
1246 3586 1378 3680 habet,
1401 3592 1465 3667 do·

193 3696 374 3780 natosque
395 3685 434 3760 in
455 3699 673 3785 perpemum
693 3684 761 3761 elle
784 3682 869 3757 volo
892 3683 931 3757 in
953 3683 1239 3761 Elbelrnlrrimero
1262 3691 1465 3789 marcajura

192 3786 269 3861 nal.
287 3812 313 3861 x
330 3784 367 3861 δι
385 3786 600 3876 dimidium,
624 3786 664 3865 lle
674 3784 730 3885 jjjj
745 3785 794 3861 ad
807 3783 1067 3867 monasterium
1081 3786 1188 3863 santii
1206 3790 1353 3867 Nazarii
1370 3818 1467 3872 mar·

195 3887 291 3991 tyris
312 3888 447 3963 Christi
471 3889 605 3965 tradidi
639 3890 678 3966 in
700 3888 768 3965 Dei
790 3887 938 3962 nomine
967 3889 1200 3987 perhenniter
1228 3892 1469 3991 pollidendos‚

198 3988 433 4090 stipulatione
472 3990 635 4068 subnixa.
709 3988 846 4069 Atium
874 3990 1019 4089 publice
1051 3992 1091 4066 in
1120 3994 1312 4070 cacumine
1348 4003 1471 4085 montis
1517 4084 1521 4091 ⁴

740 4093 923 4189 Gggg2
991 4104 996 4115 '
1238 4176 1240 4180 ,
1298 4099 1416 4177 Abra·
