4000 5417
551 439 1167 520 runneoLonoouunusr.
1311 542 1317 554 „
1397 470 1470 542 521
1568 463 1574 473 ·

747 741 981 835 DLXXV.

457 874 640 970 Dormir'o
676 877 845 992 ejusdem
875 877 917 963 in
946 875 1075 965 eadem
1100 877 1208 965 villa.

188 1051 292 1182 Item
314 1064 410 1118 anno
434 1064 507 1140 quo
528 1043 634 1142 supra
655 1066 724 1140 ego
750 1043 924 1124 Trutbalt
946 1043 1044 1120 dono
1060 1067 1125 1143 pro
1150 1043 1314 1120 remedio
1329 1044 1467 1125 animae

226 1167 334 1220 ,meae
350 1145 399 1220 ad
414 1144 577 1221 santium
601 1146 672 1221 Dei
685 1145 1120 1242 martyrem'Nazarium
1128 1147 1202 1224 dre.
1228 1146 1267 1222 in
1290 1150 1478 1244 Manain,

186 1245 311 1320 icimur
324 1271 443 1320 marca
457 1250 695 1324 medietatem
709 1270 804 1324 meae
820 1249 998 1346 portionis
1012 1250 1057 1325 de
1083 1249 1150 1324 illa
1171 1249 1291 1325 insula
1306 1250 1344 1325 in
1369 1250 1465 1326 Ram

185 1345 320 1436 fluvio,
346 1370 431 1446 quae
443 1347 444 1352 ‘
449 1347 560 1445 juxta
585 1350 691 1425 illam
707 1350 837 1424 villam
852 1346 917 1426 srta
932 1349 1009 1438 est,
1035 1374 1059 1427 a
1079 1351 1138 1427 die
1154 1351 1323 1450 praelenti
1354 1353 1461 1428 trado

186 1463 299 1546 atque
315 1451 534 1528 transfundo
549 1453 589 1529 in
613 1450 822 1527 domimum
837 1449 946 1527 santii
972 1453 1120 1529 Nazarii
1134 1452 1206 1532 &a
1259 1452 1398 1531 Anum
1424 1454 1463 1529 in

185 1551 404 1630 monasterio
430 1553 644 1629 mercsham
677 1553 766 1632 VIII
788 1553 968 1630 kalendas
990 1555 1108 1660 Junii,
1134 1579 1318 1654 annoque
1344 1555 1460 1655 supra
1498 1560 1634 1649 renni.

187 1651 348 1748 Signum
373 1654 584 1744 Trutbaldi‚
610 1656 675 1752 qui
690 1655 789 1732 hanc
803 1655 1041 1734 donationem
1055 1656 1142 1736 feeit
1153 1710 1166 1748 ‚
1192 1658 1336 1755 fignum
1353 1659 1461 1756 Egis-

185 1752 293 1831 berti.
346 1756 531 1835 Rudolius
549 1757 693 1858 scripsit.

693 1955 945 2052 DLXXVI.
990 2027 992 2034 ι

616 2089 799 2183 Duratio
823 2089 1043 2180 Amnlom's.

182 2247 344 2394 Eodem
360 2279 457 2374 anno
483 2255 623 2333 Amalo
648 2256 751 2334 dedit
764 2257 893 2373 ..santio
920 2257 1100 2347 Nazario,
1125 2255 1193 2356 qui
1206 2261 1398 2380 requiescit
1421 2262 1460 2340 in
1557 2277 1560 2281 ’

261 2357 479 2434 monasteno
493 2359 745 2446 Lauresham,
758 2382 786 2456 JJ
797 2361 934 2457 Jurual.
951 2360 997 2436 de
1012 2375 1110 2436 terra
1122 2376 1284 2440 aratoria
1300 2366 1454 2440 mMan·

179 2458 343 2536 malain.
397 2457 536 2536 Atium
559 2460 778 2537 lauresham
803 2461 875 2542 IIII
897 2486 982 2536 non.
996 2461 1121 2563 Junii,
1153 2462 1216 2540 sub
1240 2466 1460 2568 praescriptis
1500 2469 1616 2547 alon.

179 2561 417 2663 principibus.
677 2658 938 2754 DLXXVH

435 2739 615 2877 Donatio
646 2787 850 2879 Rubbom‘s
874 2790 916 2878 r'a
940 2726 1071 2883 iurem
1094 2745 1202 2886 villa.

181 2957 281 3093 Ego
298 2949 336 3025 in
350 2948 421 3024 Dei
435 2951 583 3025 nomine
608 2949 743 3026 Rubbo
758 2953 854 3028 dono
870 2957 918 3031 ad
932 2957 1094 3037 unllam
1107 2960 1238 3038 Christi
1254 2974 1458 3060 martyrem

261 3052 480 3137 Nazarium,
507 3048 578 3126 &a
600 3047 614 3145 j
639 3048 775 3146 jurnal.
798 3054 839 3130 in
864 3058 1133 3152 Manaininim,
1158 3063 1206 3138 de
1220 3077 1317 3141 terra
1331 3082 1456 3143 aratu·

168 3161 256 3245 ria,
283 3154 322 3233 dt
332 3153 347 3250 j
364 3151 539 3253 petiolarn
553 3152 660 3251 prati,
675 3157 774 3232 unde
790 3155 933 3256 poliunt
948 3164 1075 3262 colligi
1088 3165 1173 3241 duae
1186 3166 1355 3247 karradae
1369 3168 1456 3257 feni,

181 3261 280 3338 adie
305 3255 470 3356 praelenti
496 3254 619 3342 dono,
646 3258 751 3334 trado
773 3275 889 3358 atque.
911 3266 1126 3342 transfundo
1150 3268 1190 3344 in
1215 3269 1284 3344 Dei
1307 3270 1456 3344 nomine

182 3359 442 3464 perpetualiter
455 3357 503 3432 ad
516 3354 1037 3462 pollidendum,lstipulatione
1050 3368 1213 3443 subnixa.
1266 3367 1403 3444 Alium
1416 3369 1457 3443 in
1684 3456 1691 3467 ,

182 3461 400 3538 monasterio
424 3456 638 3533 uranium
654 3461 705 3540 Vl
727 3464 907 3543 kalendas
929 3470 1081 3559 Martii,
1107 3492 1203 3544 anno
1224 3469 1330 3545 XIIII
1352 3468 1456 3566 regni
1485 3501 1539 3569 24.
1554 3481 1643 3553 Febr.

185 3564 328 3640 domini
352 3561 461 3637 nostri
486 3561 615 3636 Karoli
636 3565 735 3661 regis
751 3567 905 3662 gloriosi.
957 3571 1114 3666 Signum
1148 3570 1366 3660 Rubbonis,
1391 3570 1457 3671 qui

182 3665 281 3774 lianc
296 3664 533 3772 donationem
548 3662 645 3742 fecit.
698 3667 885 3746 Rudolrus
899 3670 1044 3772 scripsit
1465 3707 1471 3715 ’

761 4099 797 4180 V
814 4123 840 4179 v
861 4125 886 4181 v
1165 4103 1401 4219 DLXXVIII.
