4000 5417
414 558 423 573 β
523 447 627 556 Sec.
654 445 727 526 XII
753 441 1040 526 Furnsn'rco
1067 443 1085 526 Ι
1111 470 1216 528 rur.
1423 474 1500 556 257

258 758 444 851 ubardiae
461 747 699 842 insolentias
718 751 944 871 imperialis
970 750 1133 870 gladius
1149 754 1502 869 protereret,·lta·
1597 749 1601 756 ’

150 887 153 894 ’
230 790 323 964 scae
342 869 623 988 expeditionis
641 863 805 982 cingulo
829 865 1041 955 ecclesiam
1057 864 1174 953 suam
1189 865 1323 956 multa
1339 865 1503 958 summa
1549 861 1557 872 ’

164 1085 166 1090 ,
231 990 298 1078 bis
324 980 532 1085 absolvit,
559 982 688 1068 tertio
720 977 898 1068 viriliter
922 981 1160 1083 aecinttus,
1188 975 1261 1068 sub
1291 981 1502 1073 crementi

233 1098 471 1200 obfidione,
497 1095 570 1182 ubi
606 1089 742 1179 multo
776 1089 917 1180 labore
945 1123 995 1181 ac
1023 1090 1218 1209 languine
1255 1094 1502 1185 Teutonicae

160 1299 166 1312 ,
231 1213 403 1302 virtutis
427 1202 673 1298 desudatum
698 1203 785 1307 est,
813 1203 1096 1322 imperialibus
1111 1203 1309 1296 militavit
1327 1206 1499 1323 aquiliss

233 1321 335 1412 nihil
351 1339 493 1417 tamen
510 1324 620 1409 inter
629 1337 696 1407 tot
705 1312 963 1434 sumptuosas
971 1321 1227 1410 necessitates
1243 1318 1500 1412 velineccle·

234 1437 387 1526 stastieo
406 1431 622 1539 thesauro,
635 1425 705 1522 vel
721 1432 765 1516 in
781 1430 982 1520 reditibus
996 1435 1243 1523 monasterio
1258 1435 1501 1524 detrimenti

234 1554 480 1668 importans
497 1577 547 1634 ea
556 1569 726 1662 quoque
737 1544 990 1744 temlpestnte,
1000 1573 1097 1660 quae
1115 1550 1224 1635 inter
1240 1545 1501 1665 imperialem

236 1664 411 1751 domum
428 1662 474 1750 da
492 1660 669 1746 fratrem
686 1657 777 1770 ejus
841 1683 1107 1748 Ausrruum
1122 1659 1250 1748 Rem
1278 1688 1502 1752 contram

235 1775 515 1866 Cuuuauum
529 1771 718 1859 intestina
738 1770 875 1856 movit
892 1769 1011 1873 odia,
1029 1769 1199 1856 fortuna
1212 1796 1312 1857 tunc
1329 1768 1375 1859 su
1404 1774 1504 1858 erba

235 1889 352 1976 vices
376 1906 567 1973 vertente
586 1883 784 1986 dextera,
812 1875 929 1969 itale
956 1881 1276 1970 caduceatorem
1300 1880 1345 1969 dt
1363 1801 1503 1996 sesque·

156 2065 159 2074 .
235 2000 365 2086 lirum
384 1995 660 2112 interposuit,
685 2015 737 2083 ut
753 1992 888 2081 altero
905 2003 1125 2109 tamquam
1150 1995 1343 2098 domino,
1372 1992 1505 2080 altero

235 2128 455 2224 tamquam
463 2113 599 2194 amico
607 2109 985 2211 utens,interarma
1004 2130 1174 2222 togatus
1181 2136 1231 2193 ac
1244 2105 1418 2195 feriatus
1425 2104 1510 2193 for·

236 2219 407 2309 tuitosl
454 2219 772 2310 iiareteventus
787 2217 938 2306 &cum
954 2220 1085 2306 studia
1102 2219 1508 2336 partiumnonfove-

237 2333 386 2435 ret‚stu
416 2333 468 2418 iis
483 2334 668 2448 partium
683 2331 914 2426 foveretur.
932 2331 981 2420 ln
990 2330 1248 2447 explicandis
1271 2361 1374 2420 vero
1384 2359 1509 2446 nego-

223 2448 309 2532 'tiis
326 2440 593 2533 saecularibus
607 2541 609 2544 ,
622 2466 712 2532 tam
727 2442 958 2561 perspicax,
987 2466 1076 2532 tam
1092 2439 1346 2548 confiliosus,
1378 2463 1508 2530 tantae

238 2557 319 2644 suit
355 2560 661 2674 experientiae,
694 2579 744 2644 ut
769 2581 843 2645 aut
867 2554 1005 2644 nullos
1029 2553 1137 2644 insra
1160 2558 1364 2644 ditionem
1391 2553 1509 2644 suam

239 2697 453 2784 emergere
471 2695 615 2758 motus
633 2691 876 2785 pateretur,
906 2692 979 2758 aut
994 2691 1257 2785 emergentes
1273 2673 1316 2757 in
1331 2664 1418 2786 ipso
1434 2670 1508 2756 sta·

239 2787 321 2870 tim
347 2784 467 2867 initio
504 2785 781 2895 reprimeret,
809 2778 972 2916 semper
998 2812 1151 2899 rogans
1174 2813 1252 2887 ea,
1281 2812 1380 2897 quae
1393 2785 1509 2900 pacis

240 2891 351 2978 sunt.
405 2888 631 2991 Caeterum,
649 2912 697 2974 ut
714 2893 768 2976 ad
791 2895 991 2979 interiora
1018 2899 1270 2999 redeamus,
1298 2923 1397 3010 erga
1414 2897 1512 2982 obe·

245 2999 431 3090 dientias‘
463 2998 697 3088 monasterii
722 3001 767 3086 dr
794 3005 1087 3136 praeposituras
1123 3005 1258 3096 multa
1282 3005 1341 3098 illi
1366 3007 1511 3096 instan-

201 3207 203 3214 ,
243 3117 328 3217 tia,
356 3107 490 3198 multa
506 3105 738 3198 sollicitudo
754 3114 867 3219 fint,
895 3140 946 3205 ut
961 3119 1007 3208 dt
1036 3117 1274 3237 religionis,
1303 3143 1510 3235 quantum

244 3221 443 3315 mollities
463 3223 682 3310 hominum
710 3223 755 3313 dr
783 3227 942 3317 malitia
968 3254 1209 3350 tempomm
1226 3234 1411 3338 finebat,
1439 3229 1510 3318 all·
1608 3263 1612 3268 ·

245 3336 360 3456 quod
387 3339 606 3452 vestigium
630 3332 894 3447 servaretur,
922 3341 1201 3434 &rerumne
1229 3345 1513 3479 pollelsronum

186 3499 189 3509 ·
244 3451 358 3540 nulla
374 3451 493 3539 lieret
512 3445 767 3565 dilapidatio.
792 3451 919 3543 Unde
937 3457 1052 3570 quod
1076 3461 1116 3543 ei
1134 3489 1160 3542 a
1176 3457 1426 3571 quibusdam
1450 3457 1514 3542 vi-

245 3555 307 3652 tid
326 3564 478 3667 datur,
507 3561 552 3651 dr
570 3560 676 3648 hanc
693 3559 822 3650 solam
840 3568 879 3650 ei
896 3591 1041 3652 notam
1056 3573 1245 3670 inurunt,
1262 3569 1377 3683 quod
1391 3593 1514 3680 quas·
1621 3656 1624 3660 ,

247 3677 346 3764 dam
371 3703 516 3762 earum
552 3671 842 3792 dispensatorie
870 3682 1046 3766 remotis
1073 3677 1257 3798 personis
1284 3674 1416 3796 perse
1444 3678 1514 3765 ad·

249 3787 573 3893 ministraverit,
601 3793 824 3896 noverint,
853 3791 882 3879 fi
900 3789 1047 3881 volunt
1066 3857 1077 3897 ,
1105 3824 1189 3881 non
1208 3793 1288 3879 hoc
1303 3819 1402 3879 eum
1429 3819 1516 3880 am·

249 3901 420 3987 bitionis
449 3922 523 4004 aut
545 3907 679 4021 turpis
703 3901 807 3992 lucri
824 3904 958 3994 fecisse
983 3903 1144 4024 gratia',
1172 3903 1242 3996 sed
1260 3907 1402 4024 potius
1420 3933 1517 3992 con·

249 4009 467 4106 servandae
483 4013 694 4136 religionis
709 4021 942 4228 intuitulgdlg
957 4049 1011 4111 ne
1027 4053 1053 4113 a
1069 4017 1112 4115 le
1127 4049 1376 4142 quocunque
1388 4018 1516 4223 mpdo
1536 4079 1540 4088 ·

1246 4178 1250 4185 ·
1334 4162 1463 4225 reco-
