4000 5417
612 470 669 526 ru
696 465 822 524 eaeo
846 446 1135 526 Rnuunusr.
1413 477 1489 554 335

213 669 567 696 ——-——-—-

209 763 271 840 nis
286 761 471 836 donamus
489 755 538 830 ad
551 753 743 831 ecclesram
758 751 867 830 santii
881 752 982 829 Petri
1008 756 1066 830 vel
1082 753 1192 830 sansii
1208 754 1361 830 Nazarii
1385 781 1487 834 mar·

211 863 325 960 tyris,
350 862 413 957 qni
428 857 619 954 requiescit
633 856 671 930 in
685 877 833 952 corpore
854 855 894 929 in
907 879 1003 952 pago
1019 855 1184 942 Rinensr‚
1207 857 1245 932 in
1269 859 1485 936 monasterio

210 964 475 1056 Lauresham,
490 959 550 1035 vel
567 959 615 1034 ad
637 958 720 1031 illos
735 956 855 1031 servos
869 957 958 1045 Dei,
984 958 1048 1055 qui
1068 958 1207 1033 ibidem
1230 958 1408 1037 deservire
1430 963 1487 1040 vi-

210 1065 362 1151 dentur,
386 1062 450 1137 ubi
465 1061 522 1138 vir
538 1058 754 1136 venerabilis
771 1058 1037 1134 Gundelandus
1054 1059 1149 1136 abba
1162 1061 1306 1158 praeesse
1320 1057 1486 1153 videtur,

209 1166 461 1260 donatumque
473 1164 512 1238 in
524 1174 744 1262 perpetuum
758 1158 1012 1236 essevolumus
1026 1159 1065 1238 &
1079 1161 1340 1262 promptissima
1355 1166 1489 1241 volun·

210 1280 290 1342 tate
312 1265 594 1351 confirmamus,
619 1263 691 1338 boc
705 1258 773 1345 est,
798 1282 877 1333 rem
899 1261 1058 1338 nostram
1078 1264 1117 1338 in
1138 1287 1234 1364 pago
1251 1263 1417 1354 Rinensr,
1445 1267 1486 1343 in

210 1368 435 1472 Bafinshcim,
463 1366 568 1463 super
582 1363 703 1440 rivulo
716 1361 866 1448 Liuaera,
891 1373 971 1437 tam
994 1364 1147 1451 mansis,
1174 1368 1333 1465 campis,
1359 1368 1484 1457 terris,

209 1470 342 1568 pratis,
376 1468 533 1568 pascuis,
566 1463 722 1564 perviis,
754 1459 872 1549 srluis,
904 1464 1041 1553 vineis,
1075 1465 1265 1556 domibus,
1298 1469 1486 1557 aedificiis,

210 1570 415 1658 basilicam,
442 1592 526 1665 quae
546 1567 598 1642 est
617 1563 811 1642 inhonore
826 1562 1369 1659 sanstillichaelisconstrutla,
1396 1593 1485 1648 cunr

211 1672 391 1768 adjuuriis
407 1669 639 1765 adjacentiis,
653 1663 856 1751 farinariis,
871 1667 995 1761 aquis,
1012 1691 1238 1762 aquarumve
1257 1673 1484 1761 decursibus,

209 1775 353 1849 cultum
374 1771 414 1848 e
433 1772 641 1858 incultum,
667 1767 793 1842 omnia
818 1765 918 1855 &ex
940 1768 1132 1854 omuibus,
1156 1783 1277 1845 toturn
1299 1772 1337 1847 dt
1361 1774 1409 1848 ad
1425 1774 1484 1848 in-

208 1888 376 1969 tegrum,
401 1887 482 1946 tam
503 1873 548 1946 de
573 1883 805 1969 comparato,
832 1870 892 1942 vel
911 1866 958 1942 de
978 1869 1141 1964 quolibet
1161 1871 1339 1959 attraslo,
1364 1873 1486 1948 nostra

211 1975 251 2050 in
269 1975 400 2047 eadem
423 1973 569 2048 videtur
592 1971 660 2046 else
691 1968 864 2069 possessio,
892 1994 915 2044 a
936 1969 995 2042 die
1011 1970 1184 2066 praesente
1200 1972 1245 2046 de
1263 1969 1344 2066 jure
1366 1974 1486 2048 nostro

211 2072 323 2170 injus
337 2073 673 2149 &dominationem
689 2071 799 2146 santii
809 2070 957 2147 Nazarii
967 2071 1168 2160 donamus,
1182 2073 1363 2148 tradimus
1378 2089 1488 2172 atque

209 2175 522 2262 transfundimus,
548 2176 618 2261 ita,
644 2187 686 2253 ut
702 2174 748 2249 ab
765 2172 836 2248 hac
850 2173 910 2246 die
931 2171 1101 2248 habeatis
1119 2171 1203 2268 jure
1224 2173 1404 2263 habendi,
1434 2191 1488 2251 te·

209 2277 339 2364 nendi,
365 2276 543 2362 donandi,
570 2274 845 2360 commutandi,
871 2274 931 2350 vel
947 2273 1126 2370 quidquid
1138 2275 1272 2350 exinde
1285 2276 1405 2352 facere
1421 2303 1486 2354 vo·

208 2379 370 2463 lueritis,
396 2378 554 2452 liberam
576 2375 881 2477 aclinniffimam
902 2375 942 2448 in
955 2376 1126 2451 omnibus
1147 2377 1317 2453 habeatis
1332 2378 1486 2477 potesta-

206 2493 294 2556 tem.
346 2477 388 2552 Si
406 2479 489 2575 quis
513 2500 619 2567 vero,
654 2477 753 2574 quod
772 2476 852 2551 fieri
868 2475 1024 2550 minime
1039 2477 1242 2567 credimus,
1268 2477 1294 2552 fi
1317 2502 1386 2554 nos
1402 2480 1485 2580 ipsr,

206 2595 273 2657 aut
287 2581 387 2655 ullus
401 2581 448 2655 de
467 2579 665 2654 heredibus
687 2577 817 2654 nostris
831 2579 895 2652 vel
917 2578 1199 2675 proheredibus,
1226 2579 1287 2655 seu
1312 2582 1486 2677 quislibet

143 2715 148 2728 ·
206 2683 285 2758 ulla
300 2682 462 2782 opposrta
476 2680 514 2757 δι
528 2698 708 2757 extranea
723 2681 896 2779 persona,
915 2679 981 2776 qui
995 2695 1124 2757 contra
1138 2681 1235 2758 hanc
1249 2683 1486 2759 donationem

208 2806 233 2857 a
255 2784 358 2856 nobis
378 2783 513 2855 fastam
534 2783 660 2856 venire
679 2782 935 2880 temptaverit,
969 2797 1036 2857 aut
1057 2807 1142 2858 earn
1165 2783 1389 2880 infringere,
1424 2785 1485 2863 vel

208 2883 394 2978 inmutare
409 2881 586 2964 voluerit,
611 2895 701 2955 tunc
722 2884 857 2957 inserat
881 2881 1064 2979 adipsum
1089 2885 1251 2961 sensium
1275 2887 1399 2960 locum
1424 2887 1485 2962 vel

211 2981 260 3054 ad
280 2989 433 3072 agentes
453 2975 561 3072 ipsrus
581 2979 733 3073 duplam
753 2981 950 3076 pecuniam
974 2982 1135 3059 sociante
1159 2985 1271 3074 fisco,
1313 2986 1392 3062 auri
1415 3012 1485 3063 un·

211 3081 288 3156 cias
305 3099 382 3175 JJJJ,
407 3076 547 3172 argenti
568 3056 731 3174 pondera
750 3105 774 3156 v
795 3079 916 3155 multa
938 3080 1126 3176 sustineat,
1150 3085 1188 3164 &
1210 3089 1311 3184 quod
1332 3091 1486 3186 repetit,

210 3182 426 3258 evendicare
442 3203 515 3252 non
529 3179 670 3264 valeat,
695 3179 755 3254 sed
770 3182 929 3280 praesens
944 3185 1091 3261 donatio
1113 3187 1179 3262 ista
1194 3189 1297 3263 omni
1320 3203 1485 3288 tempore

208 3285 318 3360 firma
351 3282 388 3358 tr
417 3279 552 3356 stabilis
566 3297 795 3377 permaneat
812 3283 1042 3383 stipulatione
1069 3286 1236 3366 subnixa.
1286 3287 1423 3365 Assum
1447 3291 1486 3366 in

209 3384 426 3461 monasterio
447 3381 661 3457 Luurcshom
681 3383 826 3481 publice
847 3385 910 3461 sub
932 3386 990 3460 die
1012 3387 1050 3462 dt
1065 3401 1251 3489 tempore,
1278 3413 1350 3486 quo
1366 3391 1487 3487 supra.¹

209 3489 367 3580 Signum
387 3484 578 3562 Altramni
597 3484 800 3581 praesbiteri
819 3483 858 3559 δι
880 3485 1080 3574 Autberti,
1115 3491 1279 3586 germani
1306 3489 1387 3578 sui,
1422 3488 1488 3583 qui

210 3587 309 3661 banc
332 3586 568 3661 donationem
587 3585 664 3660 fieri
682 3584 720 3663 &
745 3583 918 3659 affirmari
939 3604 1180 3678 rogaverunt,
1214 3589 1356 3680 signum
1378 3591 1486 3662 Hur-

212 3709 355 3762 mrnrcr
383 3709 581 3772 comrrrs,
612 3685 856 3772 Herimanni,
890 3683 1123 3774 Berthelmi,
1162 3688 1350 3782 Rudingi,
1392 3691 1486 3762 Ger·

212 3785 326 3879 vvigi.
379 3786 461 3881 Ego
477 3789 799 3888 Samuelrogatus
822 3784 868 3866 ab
888 3783 1088 3866 Aleamno
1112 3786 1150 3866 dc
1173 3785 1357 3865 Autberto
1387 3789 1489 3864 hanc

211 3887 448 3967 donationem
467 3887 601 3989 scripsi.
1223 3913 1228 3922 ·

1236 4169 1435 4253 CCXLIX.
