4000 5417
524 444 580 498 ru
608 442 734 497 nano
760 422 1141 514 Lononunnusr.
1393 440 1467 522 425

196 587 554 615 W

197 744 353 825 tumque
368 728 407 803 in
436 738 656 825 perpetuum
677 725 746 802 effe
761 726 872 813 volo,
898 724 970 816 hoc
983 722 1050 810 est,
1071 723 1223 799 vineam
1234 715 1250 813 j
1277 719 1315 793 in
1340 719 1469 793 Hillin·

196 828 281 905 noan
294 829 333 905 dr
358 828 463 929 super
482 828 638 904 fluvium
668 826 827 915 Uluono,
854 829 900 902 de
916 828 982 902 iila
998 848 1083 901 owa
1096 822 1304 925 portionem
1319 842 1468 909 meam,

197 951 312 1026 quain
328 930 492 1007 Madaloi
508 928 746 1017 contradidit,
772 930 1007 1025 traduntque
1023 925 1240 1003 transfundo
1255 945 1278 997 a
1301 921 1361 996 die
1375 943 1467 1020 praa·

195 1030 296 1107 iente
309 1034 348 1107 in
373 1033 441 1106 Dei
466 1032 614 1109 nornine
639 1032 897 1129 perpetualiter
923 1032 970 1105 ad
994 1028 1264 1128 poffidendum‚
1291 1020 1465 1121 stipulati·
1534 1109 1540 1128 ἱ

198 1157 268 1209 one
283 1132 448 1209 subnixa.
500 1132 638 1209 Attum
653 1133 693 1206 in
708 1132 923 1208 monasterio
948 1131 1162 1207 Lauroshom
1178 1148 1273 1207 anno
1288 1126 1393 1201 Xiill
1411 1148 1466 1199 re·
1585 1140 1588 1146 '

198 1236 256 1332 gis
271 1235 410 1313 domini
428 1234 538 1311 nostri
553 1232 689 1321 Caroli,
706 1234 740 1308 ll
754 1260 842 1311 non.
869 1234 1006 1309 Martii.
1058 1232 1217 1329 Signum
1232 1226 1465 1315 Gisethelmi,
1499 1228 1657 1313 14-M1rt·

197 1338 263 1439 qui
276 1338 373 1413 hanc
387 1334 735 1415 donationemsecit.
788 1338 869 1433 Ego
884 1335 1069 1412 Rudolfus
1082 1334 1213 1434 scripfi.

547 1606 549 1613 Α
745 1520 989 1613 CCCXCII.
1214 1605 1218 1620 ‚

292 1656 481 1747 ‘Donatio
499 1654 668 1769 Hejonis
687 1654 741 1751 ὃ
765 1650 1035 1779 Mothsuindis
1052 1652 1094 1738 in
1110 1656 1238 1741 eadem
1254 1656 1361 1745 uilio.

196 1786 251 1917 ln
265 1790 397 1867 Christi
412 1792 558 1889 npmine
574 1786 748 1886 egoHejo
763 1787 951 1885 &conjux
968 1792 1052 1864 m'ea
1066 1789 1269 1867 Methsuint
1282 1792 1465 1868 donamus

253 1896 387 1993 pariter
410 1915 475 1991 pro
503 1891 663 1966 remedio
684 1892 893 1967 animarum
915 1891 1118 1967 nostrarum
1132 1893 1179 1967 nd
1205 1893 1465 1971 monasterium

200 1990 310 2071 santii
335 1994 507 2081 Nazarii,
534 1994 680 2069 nomine
702 1994 957 2080 Laure'sham,
984 1993 1049 2067 ubi
1071 1992 1144 2089 ipse
1165 1996 1347 2092 preciosus
1368 2019 1467 2073 mar·
1540 2084 1545 2091 ¹

200 2097 251 2175 tir
265 2097 303 2171 in
316 2116 465 2194 corpore
482 2094 683 2191 requiescit,⁴
698 2094 736 2171 dt
750 2094 808 2170 vir
821 2095 1042 2171 venerabilis
1057 2095 1247 2171 Richbodo
1261 2096 1357 2173 abba
1374 2120 1467 2197 prae·

200 2190 269 2273 ‘esse
284 2197 446 2284 videtur,
473 2195 722 2295 donatumque
744 2196 783 2271 in
808 2210 1029 2297 perpetuum
1049 2194 1118 2270 effe
1143 2199 1257 2286 volo,
1284 2196 1322 2275 &
1345 2222 1467 2298 prom·

200 2298 354 2397 ptiffima
369 2298 560 2374 voluntate
581 2296 756 2372 confirmo
773 2354 780 2381 ‚
806 2299 878 2373 hoc
893 2298 969 2387 est,
996 2297 1034 2373 in
1048 2320 1143 2395 pago
1169 2299 1307 2374 Lobod.
1324 2301 1363 2376 in
1379 2303 1467 2374 Hit·

200 2398 334 2473 liubuch
359 2400 507 2475 vineam
518 2398 547 2494 j,
573 2398 611 2473 in
632 2400 713 2473 ioco
723 2396 932 2495 jacentem,
960 2400 1024 2495 qui
1039 2399 1174 2474 dicitur
1197 2398 1367 2498 Isandal‚
1392 2416 1469 2478 tra·

199 2500 323 2599 dimus
347 2514 457 2597 atque
482 2501 774 2576 transfundimus
800 2500 838 2573 in
873 2498 941 2574 Dei
963 2496 1109 2575 nomine
1135 2502 1395 2599 perpetualiter
1420 2503 1469 2579 ad
1577 2504 1582 2521 '

200 2602 472 2703 poffidendum,
498 2602 573 2690 ita,
601 2618 643 2677 ut
656 2602 702 2677 ab
725 2601 796 2677 hac
818 2602 931 2677 die&
956 2602 1127 2701 deinceps
1143 2603 1189 2676 ad
1212 2603 1328 2702 ipsum
1342 2606 1468 2682 iocum
1632 2682 1638 2693 ,

201 2705 382 2801 fantium,
409 2705 469 2779 vel
483 2704 530 2777 ad
545 2717 695 2799 agentes
716 2702 824 2802 ipsius
839 2704 941 2778 omni
967 2718 1131 2803 tempore
1145 2704 1311 2803 proficiat
1324 2706 1363 2782 in
1372 2713 1469 2805 aug·
1540 2746 1567 2753 υ
1617 2735 1625 2749 ·

202 2804 356 2889 mentis,
380 2802 610 2897 stipulatione
626 2803 791 2878 subnixa.
818 2803 956 2880 Attum
972 2806 1010 2880 in
1026 2806 1243 2881 monasterio
1256 2806 1471 2883 rauranum

203 2902 382 2978 kalendas
407 2898 590 2992 Augusti,
616 2924 712 2976 anno
725 2904 814 2977 XXI
836 2906 939 2998 regni
960 2905 1100 2981 domini
1113 2906 1222 2981 nostri
1248 2908 1374 2986 Karoli
1388 2932 1468 2985 ma·
1502 2917 1637 3003 ming.

205 3002 280 3100 gni.
304 3032 312 3041 ·
332 2998 491 3096 Signum
505 2997 658 3094 Hejonis
672 3000 710 3077 δι
737 3003 1009 3093 Mathiuindae‚
1035 3006 1100 3102 qui
1119 3008 1217 3083 hanc
1232 3008 1468 3088 donationem

204 3106 397 3191 fecerant,
413 3098 556 3195 signum
571 3100 827 3192 Erkamberti,
852 3105 1000 3196 Erioiii‚
1026 3107 1238 3187 Hadeberti.
1267 3112 1348 3213 Ego
1366 3114 1468 3191 Ada-

206 3209 342 3305 lungus
355 3215 505 3302 rogatus
521 3201 638 3303 scripfi
652 3203 747 3280 hanc
762 3206 999 3286 donationem
1012 3208 1052 3287 δι
1074 3208 1291 3313 subscripti„
1404 3291 1408 3297 ,
1426 3260 1430 3267 -

730 3390 995 3489 CCCXCIII.

162 3611 166 3621 ,
205 3480 388 3615 ¹Donotr'o
416 3520 641 3621 Hildibaldi
656 3520 709 3621 td
745 3522 967 3615 Helmbaldi
989 3522 1032 3613 in
1060 3471 1333 3628 careantur,
1354 3548 1472 3618 'nuno

209 3802 214 3809 1
265 3638 463 3731 XXIIII
486 3635 603 3751 regni
623 3634 1099 3841 donp'grpoppstarp'bgtiproli
1121 3635 1261 3751 ragis,
1295 3640 1418 3735 Rich·

83 3868 86 3877 ’
210 3892 310 4029 Nos
325 3884 364 3959 in
389 3885 458 3961 Dei
483 3889 630 4008 nornine
651 3888 891 3967 Hildibaldus
913 3888 951 3967 dr
970 3890 1083 3969 frater
1098 3910 1204 4011 ineps
1229 3894 1477 4016 Helnrbaidus

293 4010 360 4088 pro
374 3988 535 4141 remedio
557 4010 766 4070 ammarum
791 3992 993 4174 rppstlpalpunr
1007 3994 1053 4113 διι
1071 3994 1195 4134 fratris
1206 3995 1522 4178 nostnbiadliplilrff
