4000 5417
599 733 701 815 ‘Aut
725 755 770 810 ea
795 732 877 830 quis
891 729 1053 809 referens
1078 753 1152 806 non
1178 727 1222 807 lit
1245 732 1428 812 frontosus
1453 738 1494 818 δι
1520 767 1666 834 amens-i
1748 765 1754 772 ’

615 837 800 918 Attamen
825 835 879 910 hii
904 835 998 910 tales
1023 833 1196 910 simulant
1220 831 1255 910 se
1280 835 1501 935 spirituales,

616 941 715 1018 Cum
741 950 887 1015 tantum
912 935 990 1012 viu
1004 960 1097 1012 mox.
1115 936 1364 1042 inclamentur
1389 942 1521 1042 iniqui,
1616 966 1620 979 ·

616 1044 661 1120 In
687 1063 797 1140 quem
825 1040 1015 1115 dollorum
1028 1064 1114 1144 ‘non
1137 1036 1189 1113 est
1213 1036 1399 1139 despetlus
1425 1070 1567 1146 mmm,
1694 1133 1702 1147 Ι

615 1144 665 1221 Se
691 1156 942 1244 praeponentes
968 1143 1008 1216 in
1033 1139 1273 1236 dogmatibus
1298 1147 1481 1225 meliores.

593 1247 683 1322 ·Hii
707 1246 847 1320 domini
871 1266 977 1344 papae
1004 1243 1179 1318 testantur
1203 1266 1340 1320 nomen
1364 1248 1483 1341 inane,

566 1425 572 1435 ,
614 1347 917 1447 Sceptrigeroque
944 1345 999 1420 tui
1024 1344 1167 1420 faciunt
1190 1343 1384 1443 obprobria
1403 1348 1491 1445 juri,

477 1473 480 1478 ·
614 1448 674 1526 Ac
700 1473 766 1523 vos
787 1446 935 1544 judiciis
960 1445 1045 1522 usos
1070 1445 1286 1546 profitentur
1308 1449 1456 1549 iniquis,

614 1549 764 1627 Ambos
790 1549 1021 1626 damnandos
1046 1546 1084 1625 dt
1109 1549 1155 1624 ab
1180 1549 1331 1626 ecclelia
1355 1557 1608 1652 removendos,
1764 1589 1793 1639 .·

508 1691 511 1698 ·
612 1651 741 1749 Atque
766 1653 864 1747 quod
890 1649 940 1728 est
966 1651 1143 1746 gravius,
1168 1647 1208 1727 dr
1233 1652 1331 1748 quod
1356 1656 1484 1734 timide
1508 1665 1720 1761 recitamus,

611 1751 813 1828 Affirmant
838 1753 985 1828 cunnos
1010 1753 1079 1828 tibi
1102 1775 1167 1851 per
1191 1751 1435 1835 famulamina
1455 1759 1611 1857 juntlos,
1731 1797 1762 1818 ¹1

611 1851 695 1929 Aut
720 1854 852 1950 quibus
880 1853 1087 1950 alloquium
1113 1852 1156 1928 srt
1180 1854 1243 1931 vel
1269 1855 1482 1938 communio
1508 1879 1644 1960 tecum,
1722 1877 1727 1885 ’

603 1955 849 2052 ¹Torquendos
873 1953 1036 2032 flammis
1061 1969 1211 2034 aeternae
1233 1960 1459 2054 perditionis,

523 2135 526 2142 ,
606 2057 657 2135 Ni
683 2057 758 2133 cito
783 2057 986 2156 poeniteant
999 2057 1173 2165 ,caesam
1200 2070 1266 2134 tua
1291 2073 1401 2158 teque
1425 2067 1651 2170 relinquant.
1736 2107 1739 2114 ·

606 2159 795 2256 spernunt
819 2159 860 2234 in
886 2173 1034 2236 tantum
1059 2160 1219 2234 restores
1244 2162 1500 2255 ecclesrarum,

606 2261 659 2336 Ut
682 2283 749 2360 per
772 2282 837 2334 eos
862 2261 978 2356 aliqui
1001 2261 1150 2356 penitus
1173 2275 1333 2336 renuant
1356 2263 1533 2356 benedici,

603 2361 655 2437 Et
680 2383 909 2458 quaecunque
933 2372 1076 2454 gerant,
1102 2357 1287 2445 statuant,
1313 2363 1487 2453 doceant,
1512 2391 1559 2443 ea
1585 2367 1766 2466 spernant,

601 2465 780 2558 Quodque
804 2461 909 2534 nefas
934 2459 1051 2545 fallu,
1076 2459 1174 2554 quod
1193 2459 1232 2535 dt
1253 2459 1305 2532 est
1328 2439 1535 2540 miserabile
1555 2470 1664 2561 dictu,

601 2563 694 2640 Tam
718 2561 841 2658 gravis
858 2561 898 2635 in
923 2562 1064 2635 clerum
1089 2571 1215 2654 turget
1239 2571 1470 2660 contemptus
1496 2566 1638 2662 eorum,
1704 2557 1722 2584 ·’
1800 2639 1805 2648 ,
1948 2605 1958 2618 ,

599 2665 652 2742 Ut
676 2663 794 2739 nolint
818 2661 940 2738 millas
965 2661 1094 2736 audire
1120 2683 1185 2759 per
1209 2661 1309 2735 hunc
1333 2663 1551 2760 celebratas,

598 2767 660 2844 Nil
686 2765 895 2840 divinorum
920 2776 1127 2860 quaerentes
1151 2761 1364 2853 officiorum,

599 2867 672 2943 His
696 2866 804 2943 sacris
829 2867 937 2941 illum
963 2867 1127 2940 diceutes
1151 2865 1246 2940 haut
1270 2865 1349 2940 fore
1373 2865 1545 2961 dignum

596 2969 767 3044 Dedecus
790 2969 866 3044 heu
892 2989 1069 3062 magnum
1095 2967 1292 3040 rectoribus
1316 2967 1564 3061 ecclesiarum,
1682 2959 1690 2972 ¹

517 3072 525 3086 ‘
595 3069 702 3145 Talia
727 3073 772 3146 de
797 3082 895 3146 terra
927 3069 1081 3166 quinon
1106 3081 1237 3142 curant
1262 3066 1454 3145 abolenda.
1642 3143 1646 3154 ,

596 3169 663 3244 Hii
688 3189 834 3267 quoque
861 3169 1033 3259 semiviri,
1058 3169 1203 3268 turpesl
1230 3169 1382 3258 molles,
1399 3171 1480 3246 vice
1503 3172 1661 3272 plumbi,

594 3271 788 3349 Dilllmiles
814 3295 904 3350 auro
929 3271 1090 3348 fornacis
1113 3272 1153 3347 in
1178 3271 1262 3366 igne
1287 3271 1451 3369 probato,

569 3379 571 3382 ’
595 3375 702 3460 Quod
727 3375 839 3464 libet,
866 3375 906 3450 id
930 3373 1090 3461 faciunt,
1115 3371 1188 3448 hoc
1212 3371 1251 3450 dr
1277 3373 1422 3449 licitum
1446 3372 1525 3450 fore
1550 3375 1689 3471 dicunt,

593 3475 684 3562 Quae
710 3480 867 3564 nolunt,
894 3477 1016 3574 perse
1042 3475 1206 3550 statuunt
1230 3499 1304 3550 non
1329 3474 1396 3550 illa
1421 3477 1548 3567 licere,

590 3575 651 3650 Ex
679 3589 757 3654 toto
784 3579 910 3676 spretis
936 3579 1145 3675 legalibus,
1171 3591 1283 3674 atque
1309 3578 1480 3675 veternis.

588 3677 920 3756 Consuetudinibus
936 3693 1067 3777 squas
1094 3678 1189 3756 abba
1213 3678 1322 3752 docet
1345 3677 1579 3772 Benedistus,

584 3777 650 3854 Hii
676 3805 819 3878 quoque
845 3781 1106 3858 mansuescunt
1128 3782 1168 3856 in
1193 3777 1359 3856 vultibus
1386 3803 1431 3855 ac
1455 3782 1688 3876 hilarescunt,

444 3907 448 3916 ·
582 3881 658 3958 Sed
682 3883 745 3960 sub
772 3891 895 3962 mente
921 3887 1051 3961 dolum
1076 3885 1262 3971 retinent,
1286 3882 1510 3981 rapiemque‘
1530 3887 1712 3987 luporum,

578 3983 695 4060 Fraus
721 3985 812 4062 facit
835 3987 905 4063 hos
930 3989 1090 4087 vulpes,
1114 3987 1260 4087 lepores
1283 3997 1437 4078 metus,
1460 3986 1520 4068 ira
1543 3990 1693 4103 leones·
