4000 5417
519 482 571 590 S.
599 480 734 587 Noa.
767 460 1007 603 bumont,
1045 469 1101 581 ti
1131 474 1313 609 insuper
1338 476 1512 611 infhrot
1625 481 1684 591 ὃ
1710 519 1789 594 nec
1835 478 1841 489 ’

510 681 600 819 stc,
625 674 748 815 qood
769 682 967 810 repetit,
995 670 1254 777 romam
1284 664 1439 779 oobot
1462 672 1556 785 &a
1582 680 1633 785 dt
1666 682 1791 788 lirni-

519 883 584 979 lia
600 874 750 979 verba
766 872 888 975 nihil
903 875 1020 975 novi
1038 869 1260 973 docentia
1276 870 1512 995 redeunt,
1538 895 1595 979 ut
1620 881 1794 985 omiliis

520 1080 611 1183 illis
636 1070 912 1207 praestantia
943 1068 1119 1171 codicis
1152 1088 1387 1195 augeatur
1413 1075 1611 1207 potine,
1644 1107 1793 1209 quarn

517 1275 789 1378 minuatur„
825 1262 881 1367 In
907 1264 1047 1381 editis
1064 1262 1227 1365 Fuldae
1245 1265 1579 1375 traditionibus
1601 1264 1788 1375 Soban-

520 1487 663 1573 natus
715 1492 813 1565 non
860 1422 972 1563 tarn
1009 1458 1279 1581 delicatus,
1333 1460 1414 1567 sed
1447 1464 1496 1569 dr
1530 1471 1794 1603 pauperior

517 1670 662 1793 longe
688 1658 792 1764 fuit.

530 1950 534 1959 ·
591 1918 731 2035 Quod
758 1934 922 2021 autem
947 1920 1000 2021 in
1033 1921 1163 2022 vitiis
1190 1918 1491 2026 laudatissimi
1519 1927 1637 2028 alias
1663 1925 1794 2028 sodi*

517 2122 599 2224 cis
616 2121 867 2256 praecipue
891 2117 1177 2253 ponendum
1203 2195 1217 2239 ,
1242 2118 1566 2228 barbarismos
1596 2118 1695 2221 live
1719 2114 1797 2221 so·
1840 2092 1845 2102 ’

517 2313 786 2426 loecismos,
824 2312 896 2407 uti
933 2328 1112 2423 vocat,
1150 2307 1265 2404 hinc
1297 2308 1411 2409 inde
1437 2308 1487 2408 se
1510 2306 1760 2410 eorrexiss'e
1775 2336 1796 2430 ,’

518 2508 683 2610 audior
707 2508 811 2631 ejus
828 2500 962 2603 haud
986 2476 1180 2601 obscure
1197 2495 1400 2615 fatetur3
1435 2504 1688 2635 (m)quae
1707 2484 1792 2637 qui
1899 2487 1904 2497 ¹

513 2700 714 2831 legerit,
754 2692 1021 2817 monachos
1052 2676 1387 2801 lauresham(
1406 2714 1509 2801 tam
1534 2698 1699 2804 dotios
1713 2700 1798 2805 fu··

515 2894 637 3019 ille,
685 2888 932 2999 nobiseum
966 2894 1136 3028 procul
1169 2876 1318 3029 dubio
1360 2892 1555 2997 dolebit
1595 2882 1795 3033 'Stylus

515 3060 689 3200 revera
709 3094 871 3193 minus
887 3089 1120 3194 barbarus
1136 3084 1204 3187 eli
1216 3104 1233 3207 ',
1257 3116 1422 3219 ¹quam
1441 3092 1644 3191 aliarum
1662 3102 1792 3223 ejus.

514 3293 629 3401 dem
646 3252 762 3393 'aevi
797 3252 1111 3403 traditionum
1144 3283 1387 3387 editarum
1425 3286 1487 3389 ab
1525 3289 1643 3390 aliis.
1718 3283 1789 3394 At
1870 3335 1880 3353 ·

515 3443 749 3597 dodiiores
775 3501 943 3588 contra
968 3466 1205 3587 vellemus
1231 3476 1365 3583 fuiffe
1390 3480 1615 3586 homines
1633 3489 1686 3592 in
1713 3518 1789 3590 re·

512 3688 604 3788 bus
629 3644 978 3812 chronologicis
999 3657 1023 3802 ‚⁵
1057 3650 1177 3813 quas
1204 3705 1318 3780 curn
1350 3678 1650 3784 inohronioo
1686 3678 1784 3805 suo,

514 3880 621 3983 'turn
637 3882 690 3982 in
714 3862 1051 3981 traditionibus
1086 3858 1243 3979 noster
1265 3859 1479 3985 turbavit
1500 3910 1602 3983 non
1621 3876 1783 3984 semel.

509 4130 514 4135 -
594 4116 598 4123 -
777 4104 780 4109 ·
1317 4156 1325 4169 ,
1528 4051 1719 4189 Hujus

557 4182 865 4273 ‹mbr-mo·
