4000 5417
827 2505 1402 2634 Transcriptio
1471 2512 2105 2633 privilegiorum
2139 2510 2543 2629 regalium
2578 2513 2668 2602 ὁ(
2724 2543 2771 2600 a

670 2635 713 2657 “’
1052 2629 1530 2719 stolicorum
1603 2624 1744 2715 seu
1818 2627 2363 2715 traditionum
2452 2627 2773 2717 Laures
2834 2658 2914 2714 a·

1064 2744 1355 2829 mensis
1387 2742 1856 2839 monasterii
1875 2803 1896 2844 ‚
1935 2742 2370 2826 annotatio
2407 2766 2741 2855 quoque
2789 2770 2910 2827 re-

1089 2880 1283 2963 gum
1351 2854 1442 2938 δι
1489 2858 2089 2967 imperatorum
2155 2848 2295 2939 seu
2362 2856 2759 2940 abbatum
2809 2854 2910 2940 ab

374 2983 691 3069 exortu
729 2963 907 3072 ejus
941 2986 1206 3075 usque
1256 2962 1360 3048 ad
1401 2993 1557 3048 nos
1590 2966 1672 3048 in
1710 2966 2084 3051 ordinem
2115 2965 2199 3051 di
2255 2964 2443 3051 esta.

656 3075 971 3162 Divina
1041 3077 1282 3160 nobis
1345 3074 1798 3191 opitulante
1849 3082 2116 3192 gratia
2184 2994 2911 3169 {aureshmenfis

379 3186 734 3276 ecclefiae
807 3184 1243 3302 privilegia
1305 3210 1484 3275 tam
1558 3189 1989 3305 apostolica
2025 3253 2050 3295 ,
2140 3217 2397 3304 quam
2465 3195 2907 3307 imperato·

381 3307 494 3388 ria
518 3364 539 3406 ,
577 3297 1108 3418 ipsorumque
1155 3298 1634 3424 largitiones
1668 3364 1693 3406 ‚
1747 3300 1888 3388 seu
1922 3324 2273 3389 caeteras
2322 3301 2687 3390 fidelium
2740 3304 2909 3391 Dei

382 3415 870 3501 donationes
894 3474 915 3514 ‚
968 3415 1283 3525 quibus
1332 3414 1420 3501 &
1452 3413 1883 3500 nobilitate
1915 3414 2007 3499 &
2041 3442 2325 3499 rerum
2374 3414 2915 3527 amplitudine

383 3527 692 3613 constat
739 3525 1068 3640 infignis
1104 3587 1125 3629 ,
1185 3555 1301 3612 ex
1350 3526 1688 3612 diverfis
1762 3521 2094 3639 sparsim
2163 3523 2782 3639 exemplaribus
2835 3527 2947 3610 in‘

377 3643 625 3726 unius
675 3641 1048 3754 corporis
1102 3634 1406 3722 fasoem
1443 3632 1906 3739 collefiuri,
1964 3664 2121 3719 con
2182 3662 2427 3719 ruum
2459 3636 2857 3721 duximus
2891 3698 2915 3739 ,

378 3754 658 3865 primo
711 3754 1010 3862 quibus
1047 3750 1529 3837 audioribus
1586 3748 1928 3834 fundata
1984 3747 2079 3834 fit
2277 3745 2648 3862 plantata
2670 3809 2691 3849 ‚
2751 3748 2917 3834 stri·

337 3919 341 3925 ·
380 3860 594 3949 &im
630 3866 1065 3974 attingere,
1101 3893 1199 3950 ac
1235 3858 1574 3949 subinde
1611 3864 1914 3974 quibus
1948 3862 2482 3948 incrementis
2518 3860 2622 3946 ad
2662 3882 2914 3949 tantae

377 3969 913 4062 sublimitatis
944 3977 1037 4062 sit
1070 3974 1355 4065 evesta
1411 3974 1849 4088 fastigium,
1888 3980 1972 4061 in
2008 3973 2388 4065 ordinem
2419 3975 2816 4091 digerere.

1602 4088 1686 4175 A
2048 4160 2052 4163 .
2674 4086 2804 4179 De
