4000 5417
476 469 530 525 ru
558 467 685 524 endo
710 446 1095 525 Lononuntusr.
1376 470 1448 549 523

175 756 356 856 ipsamihi
379 754 530 833 tradidit
544 777 657 828 manu
672 751 890 852 potestativa
913 751 952 826 iu
977 751 1117 827 Lubed.
1141 752 1179 826 in
1206 753 1449 830 Muuninluim
1584 803 1587 810 ·

172 857 200 954 jj
217 857 408 954 jurnaide
425 871 523 932 terra
545 857 727 942 araturia,
753 853 791 932 δι
805 853 1000 928 dImidium
1016 855 1111 930 adie
1125 854 1299 954 praesente
1313 855 1448 952 dejure

179 983 263 1036 meo
292 957 475 1056 injus&
502 957 708 1032 dominium
732 953 839 1030 santii
873 955 1025 1032 Nazarii
1051 958 1158 1032 trado
1185 970 1298 1054 atque
1325 972 1447 1035 trans·

181 1062 299 1137 fundo
320 1063 357 1136 in
383 1061 454 1136 Dei
475 1061 623 1135 nomine
648 1056 908 1158 perpetualiter
930 1057 977 1134 ad
1001 1057 1258 1158 pollldendum.
1311 1058 1448 1136 Attum

176 1163 216 1238 in
232 1163 446 1238 monasterio
472 1162 685 1236 Laureolum
701 1161 769 1235 IIII
793 1182 877 1236 non.
896 1161 1023 1258 Martii
1039 1185 1139 1236 anno
1151 1160 1329 1236 XXXIIII
1344 1162 1447 1258 regui
1478 1179 1512 1244 4·
1525 1157 1618 1228 Mart·

172 1265 311 1340 domini
328 1263 436 1339 nostri
462 1264 588 1340 Karoli
606 1263 715 1358 regis.
768 1261 923 1356 Signum
949 1263 1162 1353 unedonis,
1189 1263 1364 1363 quihauc
1379 1265 1445 1340 do·

172 1367 359 1444 nationem
375 1365 473 1444 feeit.
527 1357 776 1462 Reginbertus
793 1362 939 1463 scripfit

632 1560 930 1656 DLXXXVI.

425 1697 606 1789 Donatio
634 1693 831 1786 Leidradi
857 1693 896 1780 in
922 1695 1051 1782 eadam
1079 1695 1186 1785 villa.
1256 1725 1266 1740 f
1385 1714 1393 1727 *
1428 1678 1433 1685 ’

169 1862 305 2002 Anno
328 1862 474 1942 XXXV
499 1863 599 1959 regni
624 1861 765 1936 domini
786 1858 895 1936 nostri
921 1861 1048 1938 Karoli
1068 1863 1165 1958 regis
1186 1855 1348 1959 gloriosr,
1373 1888 1442 1963 ego

232 2001 235 2006 Δ
257 1966 296 2039 in
312 1965 379 2040 Dei
394 1965 544 2040 nomine
560 1965 709 2040 Leidrat
722 1984 787 2061 pro
796 1965 958 2039 remedio
973 1965 1111 2040 animae
1124 1965 1336 2043 Liobtrudae
1344 1968 1441 2044 dono

171 2065 219 2141 ad
235 2065 396 2142 santium
422 2065 554 2144 Christi
569 2085 772 2162 martyrem
786 2065 988 2144 Nazarium
997 2064 1069 2141 dte.
1096 2067 1276 2164 quidquid
1288 2067 1364 2166 ipsa
1381 2071 1441 2144 LI-

170 2168 304 2245 obtrud
318 2169 357 2245 in
382 2169 626 2242 Maaninhaim
643 2166 719 2243 visa
744 2166 814 2241 suit
828 2167 961 2242 habere
987 2167 1034 2242 de
1050 2181 1147 2242 terra
1169 2171 1364 2246 araturiaa
1380 2171 1440 2247 dle

167 2269 333 2366 praesenti
356 2270 460 2344 trado
482 2284 593 2366 atque
618 2267 836 2344 transfundo
857 2269 898 2344 in
924 2269 994 2343 Dei
1011 2270 1158 2343 nomine
1183 2274 1441 2369 perpetualiter

99 2367 100 2372 ’
168 2369 217 2444 ad
239 2370 485 2467 poflideudum
519 2369 750 2469 stipulatione
775 2369 941 2446 subnixa.
995 2368 1131 2444 Attum
1158 2372 1195 2445 in
1222 2374 1438 2448 monasterio
1809 2411 1819 2425 κ

164 2471 381 2544 Loureshum
403 2471 509 2548 XIIII
531 2472 712 2548 kalendas
736 2471 912 2546 Decemb.
966 2471 1126 2566 Signum
1146 2473 1346 2561 Leidradi‚
1373 2477 1438 2570 qui
1471 2466 1613 2546 1auov.

164 2572 260 2647 hanc
287 2573 522 2648 donationem
546 2572 634 2649 fecit
649 2571 687 2648 ἃ
709 2569 848 2646 firmari
861 2572 1032 2668 rogavit,
1057 2572 1200 2668 figuum
1226 2568 1440 2673 Rutfolchi,
1751 2587 1755 2590 ’

171 2674 411 2764 Eberhelmi,
437 2676 639 2763 Willonis,
666 2673 862 2750 Knocheri
915 2674 1164 2771 Reginbertus
1180 2673 1326 2776 scripto
1357 2689 1360 2694 ’

274 2987 276 2990 .
606 2869 626 2879 ⁷
655 2871 973 2963 DLXXXVII.
1090 2893 1095 2905 '

431 2997 611 3089 Donatio
640 2999 828 3088 Altuuiui
844 2999 885 3086 in
906 3006 1036 3089 eadam
1062 3002 1171 3098 uilla.

163 3175 267 3303 Ego
281 3164 319 3239 in
346 3163 414 3264 Dei
427 3164 575 3240 nomine
603 3161 808 3240 Altuuinus
835 3187 900 3265 pro
915 3170 1075 3245 remedio
1090 3170 1226 3250 animae
1250 3167 1436 3252 Berewini

244 3265 282 3344 δι
315 3265 540 3342 Irminlindae
563 3265 601 3344 δι
627 3266 802 3343 Gerradae
836 3268 932 3344 dono
959 3266 1190 3348 adfinitum
1231 3273 1436 3350 Nazarium

163 3383 369 3467 martyrem
386 3365 456 3444 dte.
483 3368 677 3444 dimidium
698 3367 835 3464 jurnal.
853 3370 891 3446 in
918 3373 1159 3448 Munninheim
1173 3375 1218 3448 de
1242 3389 1339 3450 terra
1352 3398 1435 3449 ara·

163 3473 286 3558 turia,
313 3485 356 3546 ut
370 3472 418 3548 ad
439 3469 555 3569 ipsum
582 3470 706 3546 locum
734 3471 894 3548 santium
909 3475 1011 3548 omni
1028 3487 1191 3571 tempore
1204 3473 1371 3573 proficiat
1397 3475 1436 3554 in

165 3574 374 3668 augmentis
399 3573 628 3672 stipulatione
656 3573 821 3648 subnixa.
876 3571 1013 3648 Attum
1032 3575 1073 3650 in
1098 3572 1316 3650 monasterio
1341 3576 1439 3649 Lme-

156 3674 297 3747 eostam
323 3675 611 3752 Xlll'kalendas
636 3672 804 3774 Aprilis,
832 3697 929 3752 anuo
948 3675 999 3750 XI
1016 3676 1121 3771 regni
1146 3677 1285 3751 domiui
1313 3677 1436 3752 Ludo-
1468 3703 1627 3776 „Mam

163 3775 249 3862 wici
265 3774 361 3868 regis
378 3773 547 3868 junioris.
600 3777 756 3873 Signum
772 3774 971 3864 Altuuini‚
998 3779 1063 3872 qui
1083 3777 1180 3853 hanc
1200 3778 1437 3855 donationem

162 3876 270 3962 fecit,
298 3875 439 3972 signum
457 3878 705 3966 Werinbaldi,
732 3877 935 3966 Gerhardi,
964 3877 1189 3967 Eberhardi,
1215 3881 1436 3973 Ernestonis,

141 3975 333 4067 Huuolfiu
361 3977 553 4078 Hendingi
564 4034 577 4072 ,
602 3981 817 4068 Liuthardi,
843 3979 1027 4060 Isenberti.
1054 3981 1244 4057 Triotroch
1264 3980 1419 4082 scrIpsrtss-

709 4083 875 4182 Vara
1103 4082 1379 4164 DLXXXVIII.
