4000 5417
567 494 590 563 8
907 474 1094 553 Canon.
1122 497 1183 551 ur
1210 474 1421 554 Cunnrru

926 640 1099 657 husu-
1660 647 1839 667 ἡ

566 693 740 709 -n-—r

565 804 712 863 corum
739 778 898 867 viribus
917 802 1062 865 contra
1089 777 1465 891 Longobardorum
1494 781 1757 891 tyramridem
1773 810 1837 867 ac·

526 968 529 973 .
565 893 752 1005 cingens,
782 892 1057 978 exarchatum
1072 890 1383 993 Ravennatem,
1413 886 1614 1005 pluraque
1634 894 1744 979 beati
1760 892 1835 979 Pe·
1931 944 1934 950 .

565 1006 621 1087 tri
648 1008 898 1117 patrimonia
926 1004 1134 1091 Romanae
1159 1001 1244 1089 sedi
1276 1003 1433 1090 restitui
1458 1004 1556 1113 juce
1584 1005 1762 1091 studium
1789 1006 1835 1095 ὃ(

566 1144 738 1231 operam
764 1117 992 1232 impendit,
1022 1114 1178 1203 clerum
1228 1144 1367 1229 uoque
1386 1112 1470 1201 suae
1495 1074 1687 1202 riiocoefis
1702 1148 1727 1202 a
1745 1116 1834 1203 reli·

566 1232 701 1343 gionis
721 1229 885 1315 fervore
898 1232 986 1341 jam
1004 1252 1117 1333 tunc,
1133 1252 1181 1316 ut
1259 1258 1380 1331 nunc,
1400 1230 1652 1314 omnimodis
1669 1233 1834 1317 exorbi-

565 1363 727 1427 tantem
749 1342 871 1427 instar
887 1346 1177 1429 coenobiorum
1194 1343 1405 1444 adunam,
1430 1340 1634 1455 regularia
1651 1346 1712 1435 eis
1728 1370 1834 1457 prae·

566 1476 718 1569 cepta,
748 1450 925 1567 qualiter
950 1459 991 1540 in
1021 1452 1186 1540 ecclesia
1204 1452 1382 1540 militare
1393 1454 1617 1556 deberent,
1645 1450 1834 1568 vitaeque

565 1564 781 1652 neceffaria
799 1562 1044 1677 sufficienter
1069 1568 1270 1670 instituit,
1299 1569 1542 1654 monasteria
1559 1593 1727 1680 quoque
1754 1568 1833 1653 Hi·
1895 1591 1897 1594 ·

564 1675 810 1781 lariacense‚
842 1677 1095 1783 Gorziense,
1124 1676 1476 1769 Laureshamense
1501 1710 1525 1764 a
1551 1679 1833 1765 fundamentis

565 1791 785 1877 exstruxit.
822 1790 918 1879 Post
935 1797 1054 1904 cujus
1068 1792 1276 1879 excess'um
1304 1790 1602 1881 Gundelandus
1631 1792 1833 1878 traditum

565 1902 637 2009 fibi
652 1933 677 1987 a
694 1904 823 1989 fratre
842 1900 983 1991 locum
999 1901 1160 1991 summa
1177 1906 1370 1993 industria
1397 1904 1442 1993 ἃ
1462 1902 1537 1993 reli
1566 1908 1673 1991 ionis
1699 1900 1831 1990 obser·

565 2017 707 2101 vanua
733 2019 988 2129 gubernabat
1008 2081 1019 2121 ‚
1050 2014 1340 2133 crescebatque
1370 2021 1413 2103 in
1430 2019 1520 2105 dies
1538 1934 1660 2105 iocus
1677 2012 1758 2149 ipse
1787 2015 1832 2103 ἃ

563 2127 902 2241 magnificabatur
919 2132 973 2239 ab¹
988 2135 1183 2219 omnibus
1199 2155 1288 2219 tam
1304 2136 1346 2216 in
1365 2134 1512 2231 rebus,
1543 2135 1671 2241 quam
1687 2160 1729 2214 m
1739 2156 1832 2243 pos·

562 2237 824 2341 senonibus,
853 2236 922 2326 sed
946 2243 1121 2357 &quod
1148 2245 1284 2352 majus
1301 2244 1385 2343 est,
1415 2242 1618 2325 mdivino
1643 2239 1757 2325 cultu
1786 2240 1832 2327 bt

561 2347 712 2439 santiae
740 2350 1038 2441 observationis
1072 2354 1286 2470 profestu,
1315 2376 1440 2465 atque
1467 2353 1665 2436 dominici
1693 2378 1765 2463 gre
1795 2356 1831 2437 is

560 2464 819 2551 incremento
838 2467 1025 2553 Domino
1043 2491 1312 2580 cooperante,
1342 2467 1387 2551 bt
1403 2460 1529 2550 santii
1544 2465 1743 2575 martyris
1766 2380 1831 2550 {ui

561 2573 733 2663 Nazarii
750 2582 899 2665 merita
917 2580 1186 2666 confirmante
1205 2574 1515 2691 sequentibus-fi
1543 2577 1622 2660 nis.

675 2694 800 2778 Anno
819 2692 965 2781 deinde
983 2691 1202 2778 dominicae
1211 2691 1503 2775 incarnationis
1564 2686 1834 2780 CCLXXVr

562 2807 679 2917 regni
707 2812 808 2891 verb
842 2802 982 2894 Caroli
1017 2803 1205 2917 regis&
1293 2803 1375 2888 stea
1413 2804 1677 2916 imperatoris
1720 2818 1830 2885 anno

565 2913 606 3007 V
606 2916 677 3005 ΙΙΙ.
705 2916 1224 3024 Hurmumcuscomusfi
1236 2944 1297 3001 tur
1314 2914 1555 3017 Cunrronis,
1575 2915 1753 2999 mortuis
1761 2942 1830 3027 pa·

564 3032 689 3116 tre&
714 3034 828 3133 aviti,
847 3058 1020 3115 cernens
1048 3030 1274 3143 praefatum
1289 3026 1428 3113 locum
1445 3055 1503 3110 ex
1518 3056 1651 3140 parvo
1679 3026 1723 3111 bt
1741 3052 1829 3107 mo

564 3138 658 3225 dico
673 3143 725 3227 ad
741 3164 903 3230 tantam
920 3170 1060 3228 rerum
1077 3144 1121 3228 bc
1138 3142 1264 3227 famae
1287 3136 1531 3254 provestum
1549 3139 1829 3239 eminentiam,

564 3256 773 3342 nitebatur
789 3284 887 3342 eum
910 3255 982 3340 fibi
1007 3255 1275 3369 proprietatis
1301 3248 1423 3338 titulo
1440 3249 1679 3349 vendicare,
1709 3248 1829 3358 cujus

528 3438 548 3469 .,
563 3369 624 3451 rei
639 3366 798 3455 afflone
817 3370 869 3453 ad
893 3364 1096 3483 palatium
1121 3362 1259 3451 delata
1274 3361 1585 3477 &allegatione
1608 3362 1829 3473 utriusque

564 3484 695 3594 partis
720 3480 890 3581 audita,
915 3480 1042 3591 juxta
1057 3476 1094 3562 le
1122 3506 1192 3562 em
1221 3476 1478 3565 Francorum
1502 3472 1723 3575 diffinitum
1748 3473 1829 3570 est3

566 3589 888 3680 Gundelandum
902 3592 994 3703 jure
1019 3620 1075 3709 po
1105 3591 1250 3693 rdere,
1278 3588 1391 3703 quod
1408 3588 1478 3672 srbi
1503 3587 1639 3672 fuerat
1656 3614 1681 3668 a
1697 3583 1829 3670 fratre

563 3705 645 3789 sine
661 3704 984 3793 contraditiione
1001 3702 1219 3807 collatum,
1247 3732 1324 3788 nec
1348 3700 1635 3787 Heimericum
1643 3695 1828 3898 poliere

563 3839 705 4015 petere
725 3880 736 3919 ‚
763 3817 876 3929 quod
897 3839 1016 4012 Psaoer
1031 3820 1120 3925 ejus
1137 3817 1183 3902 bt
1199 3838 1334 3901 mater
1357 3816 1584 3928 probantur
1599 3808 1642 3897 so

1690 3834 1768 3896 rtes
1787 3838 1828 3893 m

581 3932 725 4048 criptis
745 3926 909 4017 tradidil
926 3956 962 4013 e.
1020 3928 1262 4014 Heimerico
1282 3932 1411 4041 igitur
1433 3922 1474 4015 se
1491 3925 1542 4012 de
1562 3838 1687 4015 hocf

1679 3951 1756 4008 oco
1774 3919 1828 4005 le-

1680 4032 1777 4149 gaii·
