4000 5417
515 459 629 541 'Snc
656 458 710 538 ill
736 461 1000 542 Hurunrco
1025 461 1078 545 IV
1105 488 1212 544 rnr.
1419 492 1494 570 2¹¹1
1572 551 1577 558 ,

1145 633 1496 659 Ἣ

273 893 507 1019 ,Descriptio
534 891 724 984 hobarum
741 893 795 996 ss
803 763 1025 1014 periissem
1044 898 1101 986 ad
1120 876 1273 1024 curium
1289 851 1438 991 Furde.

249 1082 326 1147 tem
341 1067 363 1111 *
378 1061 568 1163 descriptio
581 1061 767 1140 hobarum
780 1063 820 1142 ἃ
833 1065 1044 1166 pensionum
1059 1068 1107 1144 ad
1122 1067 1266 1144 curiam
1292 1067 1404 1142 Furde
1411 1087 1493 1167 per·
1504 1069 1702 1148 *norrun

223 1233 226 1245 .
276 1167 487 1246 tinentium.
512 1165 556 1241 ln
576 1165 658 1240 vico
674 1165 872 1242 orombach
887 1168 968 1245 sunt
983 1165 1022 1266 xj
1037 1171 1160 1259 hubae,
1175 1192 1378 1268 quarumx
1394 1192 1495 1268 quae·
1562 1163 1637 1232 ibis·
1692 1192 1695 1199 ·

224 1271 318 1350 libet
332 1269 524 1346 annuatim
538 1267 710 1368 persolvit
734 1268 773 1342 in
788 1267 875 1346 sesto
897 1269 1006 1349 santii
1028 1272 1224 1350 Michaelis
1236 1297 1290 1350 xv
1304 1291 1494 1363 nummos,
1606 1324 1611 1330 -

224 1375 263 1455 in
283 1371 370 1451 sesto
386 1393 474 1450 uero
495 1369 604 1448 saner
637 1368 790 1446 Martini
812 1371 857 1446 de
877 1370 1028 1469 fingulis
1053 1373 1244 1453 solvrmtur
1256 1399 1312 1450 xx
1334 1375 1494 1464 denarii,

225 1477 388 1573 itemque
403 1499 430 1548 x
447 1497 538 1562 ova,
553 1471 593 1550 δι
608 1494 706 1548 unus
718 1472 842 1570 pullus
858 1473 896 1548 in
911 1475 1063 1574 pascha,
1079 1478 1276 1554 undecima
1287 1498 1376 1557 vero
1389 1476 1495 1554 huba

226 1575 444 1655 villicationi
467 1575 633 1661 adtinet,
658 1575 831 1670 quatinus
856 1573 1030 1674 indevjjj
1053 1577 1168 1679 staupi
1180 1631 1191 1667 ,
1217 1603 1334 1658 unum
1355 1592 1493 1656 morta·

160 1761 164 1767 ,
226 1681 323 1756 rium
336 1681 375 1756 in
391 1677 508 1754 natali
525 1675 684 1763 domini,
698 1699 750 1750 xr.
774 1699 917 1774 quoque
934 1678 1094 1757 scutellae
1108 1681 1147 1754 in
1160 1680 1294 1778 pascha
1314 1681 1491 1758 fratribus

227 1805 250 1859 a
265 1782 389 1858 villico
404 1777 660 1854 ministrentur.
713 1777 756 1853 ln
778 1778 1029 1853 Crumbenbacsr
1049 1804 1075 1852 x
1091 1780 1202 1856 hubae
1216 1832 1229 1868 ,
1254 1782 1407 1876 fingulae
1422 1783 1490 1858 sol·

204 1875 208 1882 ⁴
226 1896 355 1961 ventes
370 1905 422 1956 xv
436 1881 605 1956 denarios
619 1879 659 1952 in
673 1877 760 1954 fello
777 1878 887 1954 santti
913 1879 1126 1967 Michaelis,
1140 1905 1166 1954 x
1182 1904 1255 1956 ova
1267 1877 1330 1975 &j
1348 1882 1492 1977 pullum

227 1979 1418 2180 llsllrrlrfflrstultusneresults
1431 1980 1492 2157 si

228 2186 394 2264 denarios
420 2185 459 2261 in
474 2183 563 2259 sesto
583 2181 690 2258 sa'nsli
705 2173 925 2272 Michaelis,
950 2184 988 2258 in
1003 2167 1135 2282 pascha
1149 2210 1174 2258 x
1192 2207 1265 2260 ova
1279 2183 1317 2260 ὅ(
1332 2183 1490 2281 pullum.

227 2289 271 2364 ln
284 2286 447 2361 inferiori
471 2283 658 2358 Brmrbcch
667 2281 726 2379 jjjj
743 2284 858 2358 mansi
874 2285 1088 2383 persolvunt
1100 2285 1225 2360 villico
1237 2282 1266 2380 jj
1280 2285 1422 2360 uncias.
1448 2283 1493 2359 ln

228 2389 311 2466 vico
342 2384 489 2482 Wisgoz
512 2382 561 2480 vjj
583 2385 696 2462 hubae
709 2384 863 2480 fingulae
884 2385 1068 2463 solventes
1083 2410 1134 2462 xv
1159 2386 1328 2461 denarios
1342 2385 1382 2460 in
1402 2383 1492 2459 festo

229 2487 337 2590 santti
364 2486 577 2574 Michaelis,
603 2487 643 2561 in
663 2485 798 2586 pascha
813 2511 839 2560 x
853 2511 926 2564 ova
939 2485 978 2563 ὅ(
989 2486 1005 2583 j
1019 2490 1177 2587 pullum.
1230 2489 1274 2562 ln
1306 2486 1491 2561 Krechlen-

224 2591 311 2666 ‘barli
326 2586 390 2686 vjjj
403 2589 514 2666 hubae
539 2587 684 2666 solvunt
698 2588 848 2684 smgulae
873 2585 924 2685 xjj
941 2588 1109 2666 denarios
1122 2591 1161 2665 in
1185 2587 1272 2664 sesto
1288 2587 1397 2663 santii
1417 2587 1490 2664 Mi·

229 2691 390 2780 chaelis,
416 2693 454 2767 in
468 2689 603 2792 pascha
616 2717 644 2766 x
659 2715 732 2768 ova
747 2689 787 2768 δι
799 2692 957 2790 pullum.
992 2691 1056 2768 Ad
1075 2690 1212 2766 Furdan
1227 2688 1267 2787 xj
1282 2688 1396 2766 hubae
1421 2687 1494 2764 fin·

229 2797 329 2891 gulae
355 2791 534 2868 solventes
558 2815 612 2866 xx
638 2815 812 2870 nummos
826 2793 866 2869 in
888 2791 979 2869 sesto
1003 2793 1111 2870 sensti
1135 2792 1348 2880 Michaelis,
1373 2791 1413 2866 in
1426 2814 1492 2889 pa-

232 2896 320 2970 scha
340 2917 366 2963 x
393 2917 465 2964 ova
479 2893 518 2964 δι
534 2894 704 2987 pullum,
730 2892 874 2990 insuper
895 2892 947 2988 xjj
965 2894 1167 2982 camifilia,
1193 2917 1354 2990 quorum
1372 2916 1491 2969 unum

233 2992 359 3070 villico
375 2987 582 3084 allignatur.
634 2991 677 3062 ln
698 2991 780 3064 vico
804 2993 1025 3068 Aldcnlerlur
1046 2992 1100 3090 jjjj
1117 2994 1247 3083 hubae,
1272 2994 1423 3090 singulae
1439 3019 1493 3072 xv

233 3091 403 3170 denarios
423 3089 463 3166 in
478 3087 564 3164 festo
577 3085 686 3164 sansti
708 3089 914 3168 Michaelis.
940 3093 982 3170 In
997 3096 1131 3195 pascha
1143 3123 1169 3172 x
1192 3121 1265 3172 ova
1279 3096 1317 3172 δι
1333 3096 1491 3195 pullum.

203 3233 208 3245 ·
233 3193 453 3294 Redemptio
466 3211 737 3290 verooperum,
751 3213 835 3289 quae
851 3219 898 3270 ex
913 3194 974 3272 his
987 3199 1099 3276 hubis
1117 3198 1310 3298 principali
1325 3199 1437 3276 curiae
1451 3197 1494 3274 iu

235 3298 372 3376 furam
385 3297 503 3373 tribus
517 3293 556 3369 in
569 3315 666 3367 anno
681 3293 862 3373 mensibus
879 3353 889 3386 ,
913 3298 1087 3376 videlicet
1110 3300 1323 3394 Februario,
1338 3299 1438 3395 Majo
1453 3295 1494 3372 δι

236 3395 553 3501 Septembri,jure
567 3392 813 3484 exhibentur,
838 3398 924 3474 talis
938 3399 999 3476 est.
1052 3403 1096 3478 In
1113 3400 1318 3478 Vannbach
1333 3398 1367 3495 vj
1383 3397 1494 3476 hubae

237 3499 383 3618 solvunt
394 3502 454 3575 his
471 3496 621 3610 singulis
628 3494 824 3612 'mensib-us
835 3497 986 3594 fingulae
1006 3499 1042 3596 vj
1063 3503 1242 3578 denarios.
1293 3502 1336 3575 ln
1358 3497 1496 3574 Furtim

237 3605 412 3798 {llll
428 3600 636 3778 {stitis
654 3599 1385 3812 stultius,s'ltlsl‘slsllh
1398 3600 1496 3812 risis

237 3827 308 3898 goz
330 3800 377 3898 vjj
405 3802 516 3879 hubae
540 3801 717 3880 similiter.
769 3803 812 3880 In
835 3801 996 3878 inferiori
1022 3801 1210 3877 Brcnbcclr
1237 3799 1290 3898 jJJJ
1313 3799 1424 3878 hubae
1439 3797 1495 3897 JJJj

240 3903 419 3980 denarios.
470 3905 514 3980 ln
547 3903 766 3980 Cretonius
787 3903 848 4003 vjjj
865 3905 978 3982 hubae
999 3904 1151 4002 smgulae
1168 3901 1181 3999 j
1200 3904 1403 3980 denarium.
1456 3902 1499 3980 ln

239 4004 462 4112 Asclmlrtlrer
477 4003 531 4106 jjjj
546 4007 658 4086 hubae
673 4005 848 4089 similiter.
899 4009 995 4190 Dgae
1010 4029 1099 4089 vcro
1111 4007 1414 4122 partesomnium
1439 4005 1510 4086 de⁴⁴

971 4133 993 4187 e
1340 4130 1455 4188 erma-
