4000 5417
541 399 1234 514 aaansnLoanuuataus1.‘
1402 421 1576 511 42¹3„
1693 375 1697 382 ⁴

209 561 743 596 mh·—

210 625 388 648 ...ι-ι.-

206 712 306 788 hanc
338 707 575 786 donationem
595 703 672 782 fieri
693 703 899 784 &firmari
923 701 1096 800 rogavit,
1121 700 1263 797 signum
1298 702 1479 780 Nantheri

206 811 274 888 filii
288 833 435 900 eorum,
462 809 603 906 signum
624 805 928 904 Wegelonzonis,
954 803 1142 906 Heidrici,
1161 790 1373 891 Ramberti,
1399 805 1479 879 He·
1558 857 1562 864 -

206 913 360 1000 ribaldi,
388 910 607 988 Erkanberti
623 963 634 998 ,
652 909 834 996 Sinonis,
871 904 1061 993 Alberici,
1087 903 1298 993 Witdradi,
1325 905 1477 1000 Regilo-
1553 973 1557 976 ,

207 1014 292 1102 nis,
316 1013 437 1102 Liebi,
463 1011 651 1108 Egishert
679 1007 899 1106 Reginoldi,
913 1005 1109 1102 waningi,
1134 1005 1476 1104 Bemvini,Risolii,
1621 1095 1625 1100 ι

36 1170 41 1176 -
171 1115 405 1207 .Erinfridi,
430 1113 633 1204 Witdradi,
659 1111 810 1190 Escrici.
865 1109 947 1207 Ego
960 1108 1217 1207 Reginbertus'
1235 1106 1367 1210 scripti.
1455 1105 1460 1112 ⁴
1521 1119 1524 1124 ’

698 1310 1059 1404 CCCCLXXIII..

438 1445 619 1540 Donatio
648 1442 892 1560 Regiabaldi
916 1444 958 1534 ia
985 1443 1114 1533 eadem
1138 1443 1244 1532 vilia.

206 1625 310 1757 Ego
329 1614 582 1714 Reginbaldus
595 1640 661 1718 pro
681 1613 844 1692 remedio
866 1611 1003 1690 anime
1029 1610 1207 1726 Eberkari
1222 1611 1319 1690 dono
1333 1611 1383 1690 ad
1397 1611 1476 1690 ian·

77 1741 81 1748 ·
287 1719 386 1794 itum
402 1719 473 1794 Dei
489 1733 692 1817 martyrem
708 1717 757 1795 N.
784 1713 1104 1814 quirequiescitin
1123 1716 1324 1812 corporeis
1348 1739 1477 1791 mona·

206 1818 314 1896 sterio
327 1820 576 1909 Lauresham,
601 1822 666 1898 ubi
689 1819 882 1896 Richbodo
898 1815 1118 1894 venerabilis
1133 1816 1250 1892 abbas
1262 1815 1406 1914 praeelie
1420 1817 1476 1891 vi-

207 1921 339 2010 detur,
364 1921 615 2020 donatumque
636 1922 675 1998 in
689 1933 908 2021 perpetuum
932 1917 1000 1994 effe
1015 1917 1100 1993 volo
1113 1939 1231 1994 unum
1245 1915 1416 1992 mansum
1434 1917 1478 1994 in

212 2021 460 2114 Uiuiaisheim,
492 2019 531 2100 ὃ(
556 2050 611 2099 xx
628 2021 765 2120 jurnal.
798 2023 844 2098 de
865 2036 963 2098 terra
988 2019 1154 2096 araturia
1179 2017 1227 2094 ad
1252 2019 1477 2116 integruma
1621 2111 1626 2117 ἢ

207 2125 266 2200 die
280 2124 457 2224 praesente
477 2125 585 2202 trado
615 2139 726 2224 atque
746 2124 990 2210 transfundo,
1017 2122 1090 2209 ita,
1105 2131 1148 2196 ut
1162 2120 1333 2218 deinceps
1358 2121 1405 2194 ad
1422 2120 1477 2218 ip·

183 2283 185 2288 .
206 2225 288 2301 sum
303 2227 428 2302 iocum
448 2221 609 2304 santium
623 2227 726 2302 omni
752 2239 916 2324 ternpore
934 2221 1164 2323 proficiatin
1192 2221 1404 2318 augmentis
1419 2221 1478 2296 sti·

114 2327 119 2336 '
204 2328 396 2427 puiatione
427 2327 593 2405 subnixa.
645 2327 785 2403 Attum
818 2321 1032 2402 lauresham
1059 2324 1114 2399 XI
1146 2321 1325 2398 kalendas
1357 2319 1449 2418 maji
1464 2377 1480 2412 ,¹
1515 2329 1571 2381 ²1·
1584 2309 1664 2397 Ait·
1691 2393 1697 2406 ,

206 2452 302 2504 anno
335 2427 479 2506 XXVII
510 2430 612 2524 regni
637 2428 780 2504 domini
806 2425 915 2503 nostri
940 2424 1068 2502 Karoli
1100 2424 1212 2520 regis
1228 2421 1475 2519 gloriofiffimi.

204 2531 363 2628 Signum
378 2530 600 2627 Reginbaldi
616 2584 628 2618 ,
654 2530 719 2628 qui
735 2529 833 2604 hanc
849 2527 1088 2604 donationem
1111 2523 1188 2599 fieri
1203 2523 1240 2600 δι
1263 2523 1402 2598 firmari
1417 2549 1476 2599 ro-
1590 2607 1596 2618 ¹

203 2633 325 2726 gavit,
351 2627 496 2726 fign'um
527 2633 706 2714 Babonis.
760 2631 843 2727 Ego
876 2626 1088 2706 Gundolfus
1112 2638 1266 2725 rogatus
1296 2623 1477 2728 scripsi&

679 2826 1031 2922 CCCCLXXIV.
1136 2875 1142 2884 ·

460 2949 644 3048 ,Donatio
671 2952 867 3065 Rugguri
884 2955 926 3040 in
953 2957 1083 3040 eadem
1109 2955 1216 3042 villa.

199 3115 203 3127 '
263 3131 306 3197 ‘os
320 3117 360 3194 in
370 3114 445 3194 'Dei
460 3117 608 3193 nomine
625 3117 821 3214 Ruggerus
837 3120 875 3199 dc
897 3117 1032 3216 conjux
1049 3115 1324 3198 meaFreitdrut
1336 3145 1403 3222 pro
1418 3146 1477 3201 re·

224 3227 229 3234 '
289 3219 413 3298 medio
438 3219 648 3294 animarum
662 3221 891 3320 nostrarum,
918 3223 980 3298 seu
994 3243 1063 3322 pru¹
1075 3222 1312 3300 retributione
1337 3241 1478 3322 aeterna

207 3325 391 3403 donamus
404 3315 626 3398 adsanffum
653 3321 722 3394 Dei
737 3339 941 3422 martyrem
963 3325 1166 3402 Nazarium
1181 3325 1252 3400 &a
1280 3324 1476 3400 donatum·

232 3450 279 3502 ue
295 3427 334 3501 in
350 3437 566 3526 perpetuum
588 3421 657 3497 esse
670 3423 758 3532 yolo
778 3426 816 3501 in
846 3425 1066 3500 Hluinisheim
1086 3426 1281 3506 dimidium
1305 3424 1477 3501 mausum

207 3451 304 3621 gavi,
309 3525 444 3620 jurnal.
468 3527 515 3600 de
528 3535 627 3600 terra
641 3527 821 3615 araturia,
835 3526 874 3603 da
888 3537 995 3624 prata·
1005 3527 1054 3601 ad
1066 3526 1184 3624 ipsum
1198 3521 1367 3598 mansum
1381 3524 1476 3624 aspi·
1563 3573 1570 3578 ·
1652 3590 1659 3599 ,

206 2730 405 2829 subscripsi.

209 3627 371 3714 aientia,
395 3626 434 3704 δι
455 3629 494 3702 in
518 3623 844 3724 Hantscuhesheimj
879 3628 1029 3702 vineam
1049 3625 1087 3701 δι
1114 3625 1321 3721 mancipia,
1348 3626 1473 3701 Delio·

208 3727 432 3816 rihbertum,
456 3727 750 3824 Reginbaldum,
776 3729 947 3814 Deilam,
974 3725 1188 3812 Erloldum‚
1214 3723 1472 3818 Waitfridum',

208 3849 385 3906 unacum
398 3828 585 3926 peculiare
606 3845 734 3906 eorum
760 3833 807 3906 ad
821 3831 1006 3926 integrum
1021 3881 1032 3917 ,
1059 3851 1082 3903 a
1097 3827 1156 3901 die
1170 3825 1345 3924 praesente
1360 3831 1474 3904 tradi·

207 3952 293 4014 mus
306 3941 419 4032 atque
433 3927 727 4038 transfundimus
740 3932 781 4012 in
803 3933 875 4016 Dei
889 3930 1039 4012 nomine
1051 3927 1375 4109 perpetualitersapld
1389 3952 1474 4028 pos·
1582 3986 1584 3997 ,

1324 4055 1336 4107 ι
1361 4056 1425 4116 en·
