4000 5417
520 498 592 571 130
875 456 1074 581 lenior.
1102 478 1163 541 rr
1188 460 1403 541 casm

515 620 1789 661 ...nummum—*¹¹¹2*-

306 772 507 849 meamea
601 779 723 860 nno*
746 772 982 877 Dominicae
1001 767 1292 854 incarnationis
1320 760 1655 852 DCCCCLXX.
1684 764 1791 853 Ger·

631 871 796 974 bodone
811 883 992 999 palmam
1007 876 1194 995 supemae
1219 877 1452 967 vocationis
1480 875 1646 990 adepm,
1672 876 1787 966 Sale-

525 1001 822 1101 mannumvir
854 998 950 1084 Deo
964 993 1158 1107 rdignus,
1186 990 1358 1082 divina,
1388 988 1652 1102 humanaque
1687 986 1789 1106 sapi·

455 1106 463 1113 ’
525 1114 637 1199 entia
656 1109 801 1227 plenus
821 1172 831 1211 ,
858 1136 906 1192 ac
922 1110 1037 1193 omni
1056 1107 1242 1191 bonitate
1261 1098 1525 1216 conspicuum
1555 1130 1613 1187 ex
1638 1100 1789 1189 assensu

525 1222 867 1313 serenissimorum
883 1214 1183 1334 imperatorum
1210 1215 1416 1304 Orrours
1434 1212 1479 1299 sir
1495 1210 1567 1297 filii
1582 1216 1684 1323 ejus,
1701 1244 1788 1301 om·

526 1342 727 1448 niumque
752 1334 930 1421 fratrum
946 1358 994 1416 ac
1023 1326 1194 1451 familiae
1221 1328 1485 1431 conniventia
1509 1327 1644 1439 pastor
1664 1328 1709 1414 δι
1727 1358 1789 1413 re-

527 1450 618 1538 stor
632 1448 769 1532 eidem
784 1446 876 1531 loco
904 1442 1158 1561 praeficitur3
1186 1440 1384 1555 quiinter
1409 1434 1540 1525 multa
1556 1468 1605 1522 ac
1632 1444 1791 1553 magni·

524 1562 602 1649 srca
621 1563 788 1676 pietatis
799 1586 936 1672 opera,
986 1585 1055 1642 uae
1072 1583 1146 1669 per
1161 1548 1316 1665 sanguia
1331 1548 1502 1664 longum
1512 1551 1569 1637 est
1584 1566 1791 1657 enarrare,

523 1674 632 1786 jussit
660 1669 844 1777 tabulam
872 1670 924 1755 ad
953 1584 1082 1753 :astare
1120 1660 1344 1780 principale
1362 1693 1498 1765 auro,
1528 1668 1792 1777 gemmisque

526 1784 816 1902 pretiosisimis
835 1783 1047 1881 adornari,
1077 1777 1308 1865 &crucem
1324 1804 1520 1890 magnam
1547 1774 1665 1866 simili
1693 1806 1792 1894 ope·

522 1900 586 1982 ris
606 1894 786 1981 scemate
811 1896 978 2009 parari,
1007 1892 1193 1978 frontem
1217 1916 1386 2002 quoque
1414 1891 1559 1981 ciborii
1582 1884 1702 2005 super
1729 1920 1793 1977 re·

558 2013 671 2095 uiem
688 2010 885 2119 martyris
900 2002 1046 2094 versus
1075 2003 1204 2089 altare
1234 1997 1518 2117 respicientem
1538 2031 1643 2088 auro
1659 2007 1791 2119 puris-

431 2120 435 2133 ’
528 2037 630 2208 simo
648 2121 805 2222 vestiri,
834 2120 878 2205 n
899 2143 985 2205 tres
1003 2114 1131 2203 libros
1147 2145 1205 2201 ex
1220 2115 1345 2199 ebore
1363 2114 1408 2202 ἃ
1429 2137 1601 2229 argento
1620 2118 1791 2202 mirifice

528 2230 763 2335 venustari,
792 2230 967 2316 moralia
992 2233 1035 2314 in
1058 2231 1193 2315 tribus
1218 2223 1500 2313 voluminibus
1537 2226 1789 2343 complevit,

517 2344 636 2430 'duos
664 2343 855 2429 nolarum
883 2340 1059 2428 circuios
1087 2358 1306 2455 argenteos
1338 2337 1600 2426 ecclesiastico
1623 2346 1788 2426 omatui

531 2457 708 2567 adjecit,
734 2456 856 2540 strata
904 2456 1104 2541 avimenti
1118 2454 1321 2539 finetenus
1339 2450 1526 2568 perfecit.
1579 2451 1788 2563 Postremo

456 2592 465 2607 ·
527 2570 614 2679 jam
642 2563 753 2651 senio
779 2566 1018 2666 ennesius,
1043 2562 1270 2677 juvenilem
1293 2568 1409 2651 tertii
1436 2565 1644 2671 Orroi'vis
1663 2569 1791 2681 impe-

531 2681 683 2763 ratoris
700 2674 925 2780 offensam,
950 2705 1035 2791 qua
1062 2707 1160 2765 eum
1175 2677 1322 2763 frustra
1345 2681 1404 2763 im
1433 2680 1600 2779 etebat‚
1627 2710 1710 2764 non
1728 2676 1791 2765 su·

529 2790 699 2893 lunens,
727 2790 959 2876 monasterii
975 2819 1120 2876 curam
1135 2790 1372 2904 resignavit,
1454 2790 1568 2903 quod
1584 2788 1789 2904 reliquum

474 2944 476 2948 v
530 2905 574 2987 in
592 2931 713 2987 carne
731 2906 843 2989 vixit
858 2924 945 2988 tem
975 2907 1091 3003 oris,
1123 2902 1326 2991 habitavit
1341 2898 1492 2989 secum.
1529 2902 1664 2990 Rexit
1680 2904 1791 2991 hunc
1826 2987 1830 2991 r

529 3012 669 3101 locum
696 3018 813 3101 annis
848 2932 1037 3107 Xxsrss.
1093 3016 1180 3134 Hic
1201 3019 1243 3099 in
1278 3018 1477 3131 principio
1503 3018 1701 3100 introitus
1727 3016 1791 3104 sui

530 3152 729 3239 quartum
757 3131 937 3213 coenobii
966 3129 1154 3238 ejusdem
1190 3125 1394 3215 libertatis
1430 3129 1472 3215 n
1506 3129 1788 3218 immunitatis
1871 3228 1877 3237 .

441 3292 445 3300 «
530 3236 799 3355 privilegium
815 3258 842 3326 a
856 3240 955 3331 divo
983 3243 1235 3359 imperatore
1264 3239 1712 3362 Ottoneimpetravit„

1050 3454 1297 3563 LXXVIII.

236 3614 239 3622 '
321 3676 325 3685 .
353 3599 497 3757 *egisses
524 3598 829 3718 Praeceptum*
862 3621 1047 3721 quartum
1064 3607 1244 3805 cipppppp
1272 3608 1318 3696 de
1347 3566 1589 3697 immuaiiata
1621 3609 1791 3723 pardem

1085 3749 1108 3805 o
1236 3782 1247 3805 .

525 3888 577 4017 In
592 3882 739 3957 nomine
762 3884 891 3959 santiae
911 3852 1164 3962 &individuae
1190 3886 1390 3967 Trinitatis.
1442 3879 1548 3964 Οττο
1580 3888 1651 3963 Dei
1671 3890 1793 3983 gratia

575 4004 641 4058 rex
668 3984 894 4063 Francorum
919 3984 958 4063 &
982 3986 1312 4083 Longobardorum
1342 4014 1394 4085 ac,
1406 3990 1578 4089 patritius
1603 3990 1795 4065 Romano-

770 4131 772 4137 ι
1202 4117 1205 4125 ’
1636 4112 1732 4163 rum.
