4000 5417
560 431 618 486 rrr
646 429 771 486 rnoo
797 407 1177 487 Lenonorrnnsr.
1208 499 1211 502 ,
1403 428 1480 509 459

583 759 588 766 -
745 709 942 804 coocn‘.
1343 781 1346 788 .
1442 659 1462 727 ³

437 840 619 936 Donatio
635 839 718 934 W
710 837 867 954 attingi,
912 839 955 928 r'n
980 840 1110 928 eadem
1131 836 1245 952 oilla.
1405 887 1409 901 ·

207 1009 342 1150 Anno
361 1007 432 1088 XV
468 1006 572 1106 regni
593 1007 735 1086 domini
765 1001 875 1108 nostri
896 1005 1158 1106 pippini-regis
1185 1027 1257 1102 ego
1270 997 1480 1094 Weningur

293 1127 440 1228 propter
454 1111 576 1187 Deum
591 1109 635 1186 dr·
652 1108 895 1185 reverentiam
912 1107 1021 1216 santii
1034 1107 1187 1186 Nazarii
1199 1107 1262 1182 seu
1273 1124 1340 1204 pro
1353 1100 1480 1180 anima

205 1212 396 1310 genitricis
412 1233 508 1290 meae
522 1209 754 1300 Alb'suindis,
769 1231 833 1310 per
847 1208 942 1286 hanc
955 1210 1143 1286 kartulam
1155 1205 1366 1285 donationis
1380 1206 1481 1281 dono

199 1309 256 1392 'ad
271 1313 432 1392 sonitum
447 1313 518 1392 Dei
534 1326 738 1410 martyrem
753 1311 972 1401 Nazarium,
987 1310 1054 1410 qui
1068 1309 1262 1410 requiescit
1276 1308 1316 1383 in
1328 1326 1477 1406 corpore

204 1413 247 1490 in
261 1438 356 1515 pago
369 1413 535 1503 Rinensr,
560 1413 599 1490 in
614 1412 847 1502 monasterio,
862 1413 959 1511 quod
972 1425 1126 1490 vocatur
1141 1409 1391 1497 Lauresham,
1413 1406 1479 1482 ubi

206 1517 265 1593 vir
285 1518 503 1594 venerabilis
524 1515 794 1592 Gundelandus
807 1514 903 1591 abba
925 1513 1069 1614 praeeffe
1092 1515 1256 1602 videtur,
1281 1514 1479 1587 donatum·

207 1637 281 1714 que
295 1618 333 1692 in
351 1631 570 1716 perpetuum
593 1615 661 1692 effe
684 1617 789 1704 volo,
815 1616 860 1714 de
874 1629 971 1692 terra
986 1617 1147 1692 oraturia
1164 1611 1261 1711 jurn.
1274 1611 1363 1710 jjin
1381 1611 1478 1687 Ulur-

207 1717 348 1792 nomm
372 1740 397 1792 a
415 1719 476 1793 die
501 1716 678 1816 praesente
699 1719 744 1794 de
762 1714 844 1814 jure
864 1742 948 1793 meo
975 1715 1085 1812 injus
1115 1713 1155 1792 or
1175 1714 1383 1790 dominium
1398 1711 1479 1788 san·

208 1817 256 1892 tri
283 1819 331 1894 N.
354 1819 461 1895 trado
482 1833 596 1916 atque
618 1819 834 1896 transfundo
862 1819 1123 1919 perpetualiter
1141 1815 1190 1892 ad
1212 1813 1480 1914 poffidendum‚

206 1916 261 1994 ita
284 1929 328 1992 ut
349 1919 395 1996 ab
414 1921 487 1996 hac
508 1922 567 1996 dle
587 1921 756 1998 habeatis
778 1917 860 2016 jure
880 1919 1066 2007 habendi,
1097 1917 1269 2006 tenendi,
1301 1912 1481 2000 donandi,

208 2022 492 2112 commodandi,
517 2022 578 2099 vel
593 2021 770 2120 quidquid
788 2021 922 2098 exinde
936 2043 1004 2122 pro
1016 2020 1180 2096 utilitate
1193 2017 1301 2094 santii
1318 2016 1365 2093 N.
1380 2015 1481 2131 face·

206 2139 248 2197 re
269 2121 526 2212 decreveritis,
552 2123 707 2200 liberam
731 2146 775 2198 ac
797 2121 1038 2198 finniffimam
1058 2123 1098 2197 in
1118 2121 1290 2196 omnibus
1310 2117 1481 2194 habeam
1570 2181 1576 2190 ,

206 2219 433 2322 potestatem.
473 2222 515 2300 Si
540 2224 625 2321 quis
650 2248 755 2312 vero,
781 2225 881 2322 quod
904 2223 1075 2300 futurum
1100 2221 1168 2298 effe
1192 2220 1343 2299 minime
1357 2217 1480 2304 credo,

206 2335 340 2410 contra
367 2325 466 2400 hanc
496 2325 732 2401 donationem
761 2347 784 2400 o
813 2349 874 2400 me
902 2324 1038 2401 fartam
1065 2323 1190 2400 venire
1223 2319 1479 2419 temptaverit,

206 2424 288 2502 auri
316 2425 487 2501 denarios
509 2423 565 2521 vj,
595 2427 739 2522 argenti
760 2424 935 2522 unciasjj
956 2427 1078 2502 multa
1098 2421 1286 2511 sustineat,
1320 2421 1359 2498 dr
1382 2419 1482 2518 quod

205 2525 357 2624 repetit3
381 2527 599 2620 evendicare
621 2527 851 2615 nonvaieat,
880 2527 942 2604 sed
956 2527 1116 2625 praesens
1134 2523 1201 2600 ista
1214 2521 1364 2600 donatio
1378 2519 1483 2596 omni

109 2643 1469 2829 n]
1511 2735 1565 2789 20.
1585 2712 1661 2797 r..
1775 2703 1783 2714 -

206 2824 366 2917 Signum
393 2825 593 2919 Waningi,
625 2829 690 2922 qui
722 2829 822 2906 hanc
866 2833 1107 2910 donationem
1134 2823 1237 2932 ¹fieri
1264 2825 1307 2906 δι
1338 2823 1481 2904 firmari

208 2921 369 3022 rogavit.
423 2924 506 3022 Ego
529 2926 682 3002 Samuel
708 2927 841 3028 scripsr.

669 3227 674 3238 .
750 3144 965 3240 CCCCLI.
997 3141 1003 3145 ’
1097 3172 1101 3186 ·

502 3264 683 3363 Donatr'o
709 3269 859 3388 Roolfi,
887 3261 934 3364 ἔπ’
955 3277 1086 3370 eadem
1111 3276 1221 3370 oilla.

211 3447 264 3579 ln
286 3437 419 3517 Christi
444 3439 593 3515 nomine
615 3437 678 3516 sub
699 3441 834 3524 dielII
853 3442 1035 3520 kalendas
1047 3445 1151 3545 Jnlii,
1177 3467 1274 3520 anno
1294 3439 1367 3524 XV
1380 3441 1486 3538 regm'
1513 3471 1567 3541 29.
1593 3445 1671 3530 dn·

265 3541 405 3618 domini
420 3539 531 3618 nostri
545 3542 690 3642 Pippini
709 3565 729 3620 r
776 3541 826 3632 is,
851 3566 920 3639 ego
933 3543 1051 3620 Roolf
1060 3545 1159 3620 filius
1174 3544 1362 3640 quondam
1377 3545 1486 3623 Mau·

213 3642 340 3718 rilonis
368 3665 433 3740 pro
454 3644 523 3718 Dei
546 3643 709 3734 intuitu,
801 3664 868 3746 pro
891 3644 1018 3720 anima
1037 3643 1204 3740 germani
1224 3644 1301 3720 mei
1322 3641 1486 3739 naono,

213 3755 259 3817 ut
279 3743 426 3854 veniam
441 3760 675 3843 peccatorum
692 3746 839 3824 suorurn
854 3747 970 3822 aDeo
984 3745 1034 3821 ad
1047 3745 1166 3845 ipsum
1179 3751 1489 3839 mereator,dono

215 3843 264 3918 ad
289 3841 450 3920 santium
475 3846 545 3921 Dei
564 3862 772 3946 martyrem
795 3847 1018 3938 Nazarium,
1051 3847 1117 3947 qui
1137 3846 1329 3943 requiescit
1348 3851 1388 3930 in
1408 3873 1490 3927 cor·

47 4023 52 4028 ,
214 3963 303 4050 pore
318 3943 358 4022 in
371 3965 468 4049 pago
483 3945 650 4043 Rinensr,
664 3951 705 4030 io
718 3949 952 4134 monffiiierio,
975 3948 1491 4136 quodrocaturLaureshfiaim,
