4000 5417
516 484 592 544 aaa
621 451 623 463 '
781 521 789 534 .
874 453 1060 536 Canon.
1087 477 1142 533 ar
1168 455 1379 537 cnam

513 617 693 652 Δ--ι-ι-
1610 630 1789 656 ...η-..-

522 767 584 852 tia
610 784 702 850 tum
720 762 875 874 justitia
891 762 935 849 ὃ(
965 761 1159 848 industria
1181 759 1435 879 superiorem
1454 758 1661 872 sentiens,
1689 774 1789 884 quia

522 881 568 966 vi
586 906 670 963 non
688 898 880 992 poterat,
910 872 1008 959 dolo
1026 878 1326 964 circumvenire
1343 877 1535 964 intendit.
1563 879 1787 996 Auspicato
1832 932 1839 944 ·

524 993 670 1104 igitur,
701 1017 787 1112 quo
816 987 975 1106 pollet,
1005 988 1310 1103 imprudentem
1330 987 1375 1076 dt
1402 993 1655 1116 imparatum
1691 995 1788 1080 ado·

460 1151 469 1166 ι
524 1107 628 1206 tiri,
658 1107 700 1188 in
724 1100 890 1191 ecclelia
918 1101 1053 1188 beatae
1081 1102 1229 1190 Mariae
1259 1098 1421 1218 semper
1446 1108 1651 1220 virginit,
1678 1105 1788 1223 apud

525 1213 673 1300 cellam
700 1212 945 1326 Michliustat
973 1209 1256 1300 fraudulenter
1280 1214 1511 1330 obpressum
1538 1248 1588 1302 ca
1617 1222 1788 1322 tivarit,
1902 1245 1907 1251 ·

525 1329 571 1418 ἂ
589 1331 632 1414 in
648 1330 779 1416 castro
810 1329 858 1418 V
852 1324 1040 1438 edingen,
1066 1327 1235 1414 favente
1249 1352 1430 1440 cognato
1448 1324 1523 1415 suo
1624 1362 1787 1422 auom:

527 1470 732 1544 commu,
759 1439 953 1528 custodiae
966 1443 1220 1556 mancipavit
1238 1470 1249 1537 3
1277 1443 1349 1528 ubi
1368 1463 1528 1542 tamen,
1586 1466 1684 1530 rout
1703 1471 1787 1530 res·

525 1550 643 1654 tulit,
661 1543 896 1640 'honorifice
909 1577 1102 1670 receptus
1119 1554 1370 1664 (retentus)
1395 1558 1530 1642 extim
1557 1471 1692 1688 siper
1712 1559 1787 1640 im·

473 1667 497 1766 ’,
556 1664 725 1752 erialem
751 1665 1045 1754 austoritatem
1068 1663 1312 1768 absolutus,
1340 1661 1495 1754 &suae
1541 1672 1554 1752 i
1581 1671 1700 1754 nitati
1726 1696 1787 1752 re·

497 1799 526 1850 ὓ
562 1782 691 1865 ‘tutus
706 1779 782 1882 est,
813 1778 1051 1866 austoribus
1078 1775 1240 1865 sceleris
1262 1779 1401 1865 debita
1428 1699 1662 1868 confusione
1686 1776 1789 1865 mul·

381 2003 383 2008 Ι
526 1894 638 1998 tatis.
696 1888 788 1980 Nec
806 1889 940 1978 multo
954 1893 1071 2008 post,
1100 1889 1217 1980 velut
1242 1914 1389 2008 optata
1413 1893 1596 1980 missione
1648 1894 1709 1979 ost
1734 1889 1790 1977 la·

527 2005 695 2111 borem,
724 2006 924 2090 emeritus
941 2003 1061 2091 miles
1075 2007 1274 2120 migravit
1298 2005 1350 2091 ad
1378 2007 1612 2094 Dominum
1670 2003 1791 2094 llka-

527 2113 670 2202 lendas
694 2112 819 2225 Julii‚
855 2113 1121 2233 sepultusque
1150 2121 1193 2204 in
1220 2117 1498 2230 Abrintberg‚
1536 2124 1578 2204 in
1606 2121 1792 2226 oratorio

528 2223 655 2318 sansli
683 2227 903 2360 Stephani,
921 2229 1036 2342 quod
1054 2226 1136 2346 ipse
1155 2293 1166 2334 ‚
1190 2252 1239 2317 ut
1256 2231 1367 2313 cern'i
1384 2230 1529 2330 datur,
1556 2231 1792 2316 construxe-

530 2362 607 2428 rat.
637 2337 747 2450 Qut,
773 2365 821 2427 ut
847 2347 1096 2428 memoriam
1116 2345 1158 2427 in
1185 2339 1469 2428 benedisiione
1507 2339 1790 2453 relinqueret,
1883 2359 1887 2370 ‘

423 2471 425 2478 “
530 2451 707 2540 fratrum
723 2454 1182 2542 Lauresha'mmenfium
1198 2450 1365 2540 servitio
1386 2451 1590 2538 talentum
1610 2455 1651 2536 in
1668 2449 1792 2539 Sulis·

520 2563 693 2683 sauhtim
709 2566 760 2652 de
775 2567 911 2654 reditu
935 2565 1149 2678 cujusdam
1202 2563 1416 2650 olselsronis
1443 2550 1486 2648 in
1513 2561 1791 2652 anniversario

531 2675 802 2812 dispofitionis
839 2678 923 2766 suae
951 2679 1063 2765 diem
1092 2681 1186 2762 conl
1206 2678 1330 2777 tuit,
1367 2676 1590 2764 caraddam

1651 2708 1708 2763 uo
1738 2703 1792 2761 ue

531 2796 619 2879 vrni
644 2794 684 2875 in
713 2792 813 2880 sesto
839 2795 950 2878 beati
987 2791 1159 2879 Nazarii
1180 2819 1229 2875 ac
1252 2819 1287 2875 x
1313 2785 1465 2873 solidos
1490 2793 1532 2874 in
1559 2705 1690 2987 stm
1708 2705 1737 2890 ,q
1748 2789 1794 2874 dt

530 2903 680 2991 malter
699 2902 911 3008 caseorum
927 2930 1025 2989 eum
1041 2930 1068 2990 c
1086 2906 1180 2990 ovis
1209 2905 1252 2986 in
1269 2897 1412 3013 vigilia
1422 2925 1607 3098 lpenteco
1640 2901 1793 3102 esffis

530 3041 733 3149 perpetuo
750 3017 931 3106 tradidit.
961 3015 1097 3104 Rexit
1116 3014 1292 3099 eandem
1309 3009 1420 3096 eccle

1437 3042 1520 3098 ram
1538 3017 1655 3099 annis
1709 3116 1712 3124 Ι
1781 3073 1793 3123 ,

531 3158 600 3215 cur
620 3127 867 3246 subrogatus
884 3129 941 3216 est

646 3309 885 3414 GerolduS‚
915 3313 1128 3398 mcertum'
1157 3338 1215 3399 ex
1245 3306 1330 3427 ipsa
1356 3311 1706 3424 congregatione,
1742 3335 1798 3394 an

489 3475 491 3486 ι
533 3424 697 3514 aliunde
717 3423 954 3542 assumptus.
1011 3424 1087 3513 Iste
1105 3427 1258 3512 curtim
1287 3420 1576 3532 dominicalem
1604 3418 1798 3511 Steltlirr·

533 3541 668 3657 mesela
686 3537 864 3639 didam,
889 3539 971 3649 juri
990 3537 1168 3623 custodis
1203 3535 1609 3626 Laureshammensrs
1633 3535 1702 3621 alst
1729 3563 1799 3620 na·

534 3655 599 3739 vit
615 3714 625 3752 ‚
654 3653 756 3738 ficut
772 3653 816 3740 dt
833 3648 913 3735 alia
931 3649 1118 3765 ejusdem
1141 3653 1344 3752 nominis,
1371 3652 1414 3735 in
1433 3677 1517 3763 qua
1534 3651 1663 3735 abbas
1692 3562 1801 3735 dns·

535 3763 700 3849 helmus
716 3765 771 3850 ob
789 3765 1013 3852 tuitionem
1042 3761 1220 3850 ecclesrae
1238 3762 1413 3849 castrum
1440 3762 1738 3862 construxerat,
1757 3763 1800 3844 in

537 3871 845 3991 dispositionem
869 3877 1044 3990 portarii
1063 3875 1248 3977 accessit,
1277 3903 1363 3988 quo
1380 3873 1469 3990 post
1488 3903 1620 3961 annos
1636 3873 1697 3965 VI
1711 3874 1799 3984 vita

537 3989 768 4078 excedente
804 3987 934 4104 Hugo
962 3983 1135 4102 quidam
1164 3986 1509 4102 Gingenbaceufis
1533 3990 1688 4087 abbas,
1713 4010 1802 4112 non

1656 4119 1748 4208 ‘1¹¹1'
