4000 5417
903 468 1088 549 Ciinou.
1115 490 1180 547 nr
1205 466 1422 548 Cuiam

1572 672 1576 677 ’
1620 682 1802 710 *-

530 781 705 888 parocia
718 756 893 855 itum'cst
907 774 1193 863 monasterium,
1217 799 1266 850 ex
1289 772 1456 871 qualibet
1478 772 1665 852 occasione
1681 777 1732 855 aa
1753 778 1803 854 a·

530 906 730 984 rumpere,
757 880 820 958 seu
852 880 1057 955 monachos
1077 875 1379 953 irrationabiliter
1403 875 1612 972 inquietare
1632 902 1705 954 non
1726 876 1802 955 'de-

530 990 634 1073 bere,
662 1006 729 1061 nec
744 1006 792 1059 ex
809 982 917 1059 rebus
942 978 1150 1056 monasterii
1165 980 1205 1053 in
1225 977 1326 1053 omni
1353 976 1500 1077 imperii
1521 978 1632 1053 nostri
1661 979 1801 1059 ditione

530 1087 693 1167 thelonei
705 1084 934 1161 exaeionem
948 1081 1055 1171 fieri,
1080 1103 1148 1158 nec
1163 1079 1354 1180 publicum
1366 1076 1532 1175 judicem
1557 1079 1621 1155 seu
1643 1084 1801 1178 quemli-

532 1191 597 1269 bet
610 1214 657 1265 eii
670 1185 866 1286 judiciaria
879 1184 1079 1285 potestate,
1104 1184 1166 1259 vel
1180 1183 1346 1280 aliquam
1361 1182 1476 1258 aliam
1490 1179 1684 1281 personam
1701 1184 1803 1280 quic·

533 1314 647 1391 quam
663 1288 849 1394 potestatis
874 1300 940 1363 aut
954 1284 1093 1383 negotii
1115 1283 1189 1361 sine
1214 1284 1406 1360 voluntate
1422 1296 1488 1359 aut
1500 1282 1674 1383 permissu
1690 1286 1801 1363 abba·

533 1396 584 1470 tis
601 1394 639 1468 in
653 1391 822 1467 omnibus
849 1387 1034 1488 saepeditti
1046 1384 1254 1463 monasterii
1267 1383 1377 1461 rebus
1391 1384 1529 1459 habere
1543 1386 1604 1459 vei
1618 1409 1802 1465 exercete.

534 1478 721 1593 Quicqu‘id
731 1491 793 1589 jus
808 1488 883 1565 fisci
897 1490 1030 1565 exinde
1055 1490 1203 1584 exigere
1216 1498 1406 1588 potuerat,
1432 1510 1480 1560 ex
1495 1487 1638 1581 integro
1652 1489 1690 1563 in
1714 1489 1803 1565 usus

535 1596 744 1673 monasterii
775 1594 903 1668 cedere
937 1590 1183 1691 praecipimus.
1234 1588 1417 1665 Homines
1444 1610 1593 1685 quoque
1623 1589 1804 1684 ingenuos

536 1698 598 1775 seu
613 1698 735 1774 servos
748 1695 785 1771 in
818 1692 1055 1770 offelsionibus
1071 1688 1279 1766 monasterii
1293 1703 1571 1766 commanentes
1577 1688 1803 1787 distringere,

535 1798 610 1875 five
626 1800 719 1898 ipsas
735 1720 955 1896 possessiones
969 1808 1098 1870 contra
1112 1792 1257 1869 abbatis
1270 1793 1461 1869 decremm
1485 1792 1648 1880 intrare,
1674 1792 1738 1868 seu
1752 1795 1804 1871 ad

535 1900 664 1975 causas
679 1898 904 1986 audiendas,
932 1895 995 1972 seu
1007 1895 1210 1973 mansiones
1232 1894 1438 1983 faciendas,
1464 1907 1531 1970 aut
1542 1894 1648 1969 freda
1661 1896 1723 1970 ael
1737 1896 1803 1975 tri-

535 2002 627 2078 buta
649 2000 856 2096 exigenda,
884 2000 945 2073 vel
966 1999 1087 2074 ullam
1118 1998 1159 2073 in
1181 1996 1307 2094 aliquo
1331 1996 1549 2072 violentiam
1574 1995 1802 2088 faciendam,

535 2104 709 2179 omnibus
723 2100 873 2177 omnino
887 2100 1102 2177 hominibus
1118 2122 1182 2199 per
1196 2099 1297 2175 lianc¹
1309 2096 1439 2175 nostrae
1454 2099 1702 2175 immunitatis
1715 2124 1802 2176 con-

535 2203 770 2302 scriptionem
786 2200 1003 2300 praesentem
1017 2200 1297 2289 interdicimus,
1324 2215 1437 2296 atque
1448 2202 1499 2295 ab
1511 2198 1724 2295 hujusmodi
1739 2202 1803 2279 vel

533 2303 642 2380 simili
669 2302 947 2403 praesumptione
962 2304 1111 2377 cunttos
1135 2323 1202 2402 per
1218 2302 1344 2377 omnia
1369 2315 1539 2401 tempora
1563 2301 1801 2393 inhibemus,

535 2405 711 2501 quatinus
726 2402 838 2478 abbas
861 2400 899 2477 dt
913 2403 1087 2479 monachi
1112 2402 1239 2481 omnia
1260 2405 1349 2479 illuc
1365 2402 1575 2502 aspicientia
1587 2402 1649 2479 sub
1679 2402 1802 2495 nostra

535 2506 718 2592 tuitione,
745 2527 820 2600 quo
845 2503 969 2579 ordine
995 2505 1175 2602 quietiore
1210 2504 1450 2603 possederint,
1482 2529 1528 2581 eo
1560 2503 1710 2582 liberius
1734 2529 1803 2607 pro

534 2604 632 2683 statu
647 2603 814 2703 imperii,
840 2604 1032 2702 nostraque
1048 2607 1163 2683 salute
1179 2608 1258 2683 Deo
1272 2620 1446 2699 vacent„
1469 2607 1523 2684 Et
1536 2620 1580 2684 ut
1592 2606 1666 2684 hoc
1679 2612 1801 2686 aueo-

535 2704 658 2783 ritatis
672 2705 802 2784 nostrae
827 2722 1053 2806 praeceptum
1067 2708 1216 2785 firmum
1231 2708 1410 2786 &stabile
1434 2725 1667 2809 permaneat,
1693 2712 1797 2788 anuli

532 2806 644 2884 nostri
656 2804 879 2909 impressione
896 2805 1029 2905 signari
1043 2806 1230 2907 jussimus,
1256 2810 1294 2887 dt
1310 2834 1426 2907 manu
1437 2813 1584 2913 propria
1596 2812 1720 2889 subtus
1733 2810 1795 2887 sir·

375 2946 376 2951 Ν
532 2910 732 2987 mavimus.
783 2908 968 2987 Liutolsus
993 2914 1237 2990 cancellarius
1262 2913 1456 2990 advicem„
1469 2915 1655 2992 Brunonis
1679 2913 1798 2991 archi·

532 3014 715 3111 capellani
729 3013 936 3108 recognovi.
988 3013 1090 3090 Data
1103 3016 1173 3095 VII
1194 3016 1373 3093 kalendas
1398 3016 1603 3104 Februarii,
1630 3040 1727 3093 anno
1741 3017 1798 3092 in·

347 3130 399 3203 26.
415 3128 486 3206 Jan.
530 3115 754 3192 carnationis
769 3113 920 3191 Domini
933 3114 1042 3191 nostri
1068 3115 1151 3216 Jesu
1165 3116 1296 3193 Christi
1309 3116 1601 3217 DOCCCLXlll,
1616 3129 1797 3211 regnante

387 3222 462 3303 963·
528 3216 588 3315 pio
604 3217 824 3318 imperatore
838 3215 972 3293 Ottone
986 3239 1084 3295 anno
1108 3218 1282 3299 xxviii.
1333 3218 1473 3298 Atium
1495 3216 1625 3319 Papiae
1636 3216 1796 3297 feliciter

528 3340 650 3397 amen.

313 3518 514 3595 luceria.
611 3523 706 3633 ujus
722 3527 743 3576 *
761 3522 1045 3637 imperatoriae
1071 3522 1294 3635 majestatis
1309 3542 1570 3641 praeceptum
1585 3516 1796 3636 Sylvester

639 3634 847 3723 Romanae
876 3630 983 3731 sedis
1018 3638 1252 3751 pontifex,
1281 3639 1490 3727 mediante
1528 3634 1793 3726 Gerbodonis

523 3744 686 3834 abbatis
722 3746 946 3851 industria,
976 3778 999 3833 a
1030 3748 1196 3837 ostolioa
1219 3749 1468 3838 audioritate
1505 3747 1791 3852 confirmavit,

521 3860 595 3968 qui
614 3858 666 3945 de
682 3859 880 3949 libertate
891 3862 982 3973 ejus
1011 3888 1081 3957 em
1097 3863 1332 3953 monasterii
1360 3862 1444 3953 tale
1462 3864 1682 3953 decretum
1697 3887 1792 3979 pro·

491 4100 493 4105 ,
519 3968 737 4091 mulgavit.

1523 4104 1730 4201 LXXHI.
