4000 5417
525 498 583 556 ru
610 496 738 556 nano
762 475 1143 578 Lpnonuunusn
1388 505 1466 585 397

197 789 293 878 fito,
319 788 384 867 ubi
398 786 457 866 vir
470 785 692 865 venerabilis
716 768 908 863 Richbodo
923 785 1022 863 abba
1046 783 1191 883 praeelie
1205 731 1351 862 videtur
1364 790 1383 877 ,’
1401 772 1467 865 do

198 886 1469 1069 ”tiltltlsttllultlleqttlmlllfflllllffllt
1573 957 1577 965 ·

198 1016 310 1171 deam
326 1093 365 1168 in
389 1014 686 1191 Haedumsmtm
711 1116 736 1168 a
750 1092 809 1167 die
834 1090 1062 1191 praesente&
1080 1042 1251 1191 demceps
1276 1012 1469 1193 perpdtut·

198 1196 284 1273 liter
298 1195 346 1271 ad
368 1193 647 1293 polfidendum,
673 1190 728 1269 ita
750 1208 793 1269 ut
813 1194 861 1269 ad
891 1193 1011 1291 ipsum
1031 1194 1158 1270 locum
1178 1194 1281 1269 omni
1306 1209 1472 1295 tempore

200 1296 369 1397 proficiat
383 1295 422 1371 in
448 1294 660 1393 augmentis
677 1292 837 1393 stipulat.
853 1295 1019 1389 subnixa.
1070 1293 1209 1372 Adrum
1230 1295 1271 1371 in
1285 1296 1470 1393 ‘monaste-

197 1400 256 1475 rio
280 1394 494 1474 Lauresmm
508 1399 595 1478 Vlll
608 1396 788 1473 kalendas
812 1396 916 1474 Febr.
967 1398 1124 1493 Signum
1136 1398 1276 1486 Rooili,
1291 1400 1358 1499 qui
1372 1398 1471 1477 hanc
1500 1408 1635 1497 splen.

198 1499 550 1581 donationemfeoit.
602 1501 685 1597 Ego
699 1496 923 1597 Adalungus
938 1498 1056 1600 scripsi
1071 1499 1112 1578 &
1137 1500 1331 1601 subscripsi.

718 1700 983 1795 cchLul.

226 1784 414 1933 Donatio,
438 1828 507 1924 W
500 1830 649 1922 altiori
665 1830 718 1930 Ed
737 1829 919 1947 conjugis
935 1835 1021 1946 ejus
1045 1825 1224 1920 Theudae
1238 1828 1280 1917 in
1311 1833 1442 1917 eadem

255 1943 351 2031 villa
367 1972 470 2035 anno
498 1942 1076 2147 XVIIJle‘iffn'liiddmd'daffiri
1092 1940 1240 2033 Karoli
1254 1942 1391 2071 magni
1400 2004 1413 2049 ,

197 2225 299 2361 Nos
315 2218 500 2301 Waltheri
525 2220 565 2301 dc
585 2220 728 2320 conjux·
745 2246 830 2299 mea
854 2220 1005 2297 Theoda
1028 2220 1210 2297 donamus
1235 2220 1284 2297 ad
1309 2220 1472 2303 landrum

129 2412 135 2427 ²
282 2322 353 2397 Dei
366 2336 568 2419 martyrem
584 2324 806 2412 Nazarium,
820 2322 882 2420 qui
897 2320 1090 2420 requiescit
1103 2323 1142 2396 in
1157 2322 1360 2421 corpore-in
1373 2346 1472 2421 pago
1534 2363 1539 2372 ·

195 2420 364 2509 Rinenst,
387 2424 428 2499 in
450 2424 689 2513 monasterio,'
713 2426 813 2521 quod
828 2436 983 2501 vocatur
1008 2422 1257 2511 Lauresham‚
1275 2422 1378 2522 super
1399 2425 1467 2499 llu-
1596 2455 1600 2462 ·

195 2524 303 2603 vium
328 2522 485 2605 Wilscoz
501 2525 584 2625 fito,
611 2527 676 2604 ubi
692 2526 750 2603 vir
771 2524 991 2609 venerabilis
1016 2525 1251 2599 Helmericus
1266 2525 1363 2601 abba
1376 2547 1472 2623 prae·
1491 2588 1497 2599 .

194 2624 266 2703 effe
281 2625 450 2718 videtur,
465 2626 644 2706 donatum
670 2651 717 2703 ue
733 2628 773 2703 in
788 2638 1005 2729 perpetuum
1020 2625 1089 2701 elle
1101 2625 1296 2720 volumus,
1322 2626 1393 2700 hoc
1407 2624 1471 2716 est,

195 2750 279 2804 rem
294 2727 455 2803 nostram
477 2730 515 2803 in
539 2652 838 2829 Hanrpcuhesheim
860 2782 871 2819 ,
892 2726 948 2826 jjjj
965 2728 1151 2828 mancipia
1173 2726 1240 2825 &j
1266 2728 1406 2805 hobam
1431 2726 1471 2805 de

196 2827 379 2923 quidquid
393 2828 530 2903 ibidem
544 2828 609 2906 visi
634 2829 950 2919 fuimushabere,
976 2830 1130 2919 mansis,
1156 2830 1316 2928 campiS,
1342 2830 1471 2928 pratis,

196 2924 358 3025 pascuis,
385 2936 506 2997 totum
520 2928 559 3002 de
576 2929 625 3001 ad
639 2930 826 3023 integrum
842 2953 864 3005 a
879 2932 938 3003 die
964 2931 1140 3027 praesente
1154 2932 1337 3005 tradimus
1359 2944 1472 3027 atque
1611 2952 1618 2962 ·

196 3022 495 3103 transfundimus
520 3026 559 3100 in
585 3027 653 3100 Dei
677 3026 824 3104 nomine
849 3030 1179 3129 perpetualiterad
1204 3031 1470 3131 pollidendum',

195 3130 252 3207 ita
268 3138 312 3203 ut
327 3124 499 3225 deinceps
525 3126 708 3225 adipsum
731 3127 893 3210 landum
920 3132 1045 3208 locum
1065 3133 1168 3207 omni
1191 3145 1356 3234 tempore
1388 3157 1471 3234 pro·

194 3230 300 3307 ficiat
318 3230 357 3304 in
374 3230 582 3325 augmentis
609 3227 840 3328 stipulatione
857 3234 1022 3311 subnixa.
1075 3232 1213 3309 Alium
1238 3235 1277 3311 in
1291 3234 1471 3311 monaste-

196 3332 253 3411 rio
278 3331 492 3408 amaseam
508 3332 544 3407 V
558 3330 737 3408 kalendas
761 3336 871 3437 Junii.
899 3337 1057 3433 Signum
1082 3336 1267 3417 Waltheri
1282 3336 1321 3413 &
1344 3332 1471 3429 conju·
1505 3360 1559 3427 28·
1575 3348 1650 3434 Mai.

197 3435 255 3527 gis
278 3431 358 3529 ejus
383 3433 572 3525 meodae,
598 3434 662 3533 qui
683 3434 780 3511 hanc
813 3438 1053 3515 donationem
1078 3438 1255 3516 fecerunt.
1281 3438 1365 3533 Ego
1390 3437 1469 3512 Ru-

195 3534 322 3611 dolfus
340 3532 477 3637 .‚scri'ps1.

722 3588 1008 3728 cociam

195 3756 378 3889 Donario
400 3762 643 3857 Wacchonis
663 3764 704 3853 in
735 3764 866 3853 eadem
891 3766 1017 3867 nilla,
1045 3760 1299 3856 Gundelundo
1317 3763 1469 3851 ablate.
1512 3881 1515 3885 λ

195 3931 601 4069 Βεςηαηῖειῦοωὶῃο
626 3932 745 4008 nostro
771 3922 1018 4053 glondfiffimo
1039 3952 1126 4029 rege
1152 3927 1291 4058 Karolo
1316 3952 1472 4045 magno,

252 4054 350 4129 ego
365 4031 534 4121 Waccho
556 4034 657 4113 dono
672 4057 739 4137 pro
760 4036 927 4114 remedio
950 4057 1088 4114 ammae
1113 4054 1208 4113 meae
1231 4034 1280 4109 ad
1312 4032 1473 4111 landum

859 4137 1026 4235 Ddd3
1348 4134 1419 4213 Da
