4000 5417
481 406 484 414 ’
514 420 617 500 Suc.
645 421 700 500 Xl
725 422 988 500 Hu1u1trco
1015 422 1069 504 IV
1094 444 1243 505 nucu.
1424 438 1515 532 roi·

967 593 1120 612 ἢ

227 645 404 664 -11-

226 747 331 812 tanto
346 729 560 828 diligentius
579 728 770 826 providere
785 727 989 818 debemus,
1014 745 1155 828 quanto
1176 733 1354 811 excelsius
1378 759 1424 812 ex
1438 738 1496 814 di-

225 838 311 912 vino
324 855 476 910 munere
490 831 674 906 sublimati
690 827 825 906 sumus.
879 833 1108 930 Quapropter
1122 847 1252 910 notum
1265 835 1309 911 srt
1322 838 1495 914 omnibus

224 937 356 1014 Christi
381 933 566 1030 nostrique
581 931 780 1020 fidelibus,
814 947 893 1008 tam
926 934 1066 1010 futuris
1088 959 1203 1032 quam
1232 936 1490 1034 praesentibus,

223 1041 380 1136 qualiter
393 1060 461 1112 nos
477 1035 522 1110 ob
537 1033 745 1109 mercedem
769 1049 917 1112 aeternae
932 1035 1198 1126 retributionis,
1224 1039 1490 1116 interveniente

222 1165 267 1216 ac
284 1153 431 1239 petente
456 1139 630 1214 Benruu
650 1135 795 1229 regina,
821 1137 924 1232 regni
940 1137 1111 1234 thorique
1124 1139 1233 1216 nostri
1245 1141 1410 1217 consorte
1431 1143 1489 1217 di·
1606 1198 1609 1202 ι

112 1323 115 1330 ,
221 1241 428 1327 lesiissrma,
455 1239 734 1334 interventuque
767 1234 886 1314 fidelis
911 1237 1021 1314 nostri
1053 1241 1240 1330 Ebbbnis,
1267 1242 1489 1320 Niwenbur·

138 1338 146 1350 '
220 1341 338 1442 gensis
353 1341 525 1440 episcopi,
540 1341 769 1434 aliorumque
784 1337 1184 1430 fidelium'nostrorum,
1211 1345 1409 1421 venerabili
1422 1347 1488 1424 ab·

220 1446 297 1522 bati
323 1445 513 1532 Udalrico,
539 1443 603 1541 qui
618 1439 783 1515 coenobio
796 1439 905 1518 sensti
931 1442 1079 1518 Nazarii
1091 1443 1236 1542 praeesse
1249 1447 1421 1536 videtur,
1446 1449 1490 1526 iu

221 1549 313 1623 villa
333 1546 494 1644 quadam
519 1541 734 1621 Laureolum
754 1541 873 1630 dieta,
898 1543 936 1618 in
957 1565 1033 1640 qua
1045 1545 1144 1620 idern
1164 1549 1375 1625 coenobium
1399 1571 1488 1625 curn

220 1649 414 1724 monachis
442 1645 573 1722 Deo&
588 1643 707 1720 santio
733 1643 890 1720 Nazario
905 1645 995 1720 inibi
1011 1646 1281 1723 famulantibus
1301 1649 1351 1724 eli
1365 1648 1486 1741 situm,

220 1765 428 1828 mercatum
442 1746 630 1848 publicum
645 1767 862 1843 quacunque
876 1747 967 1822 seria
980 1742 1046 1823 fibi
1071 1746 1276 1844 placuerit,
1301 1750 1381 1825 lieri
1400 1775 1488 1827 con·

221 1852 409 1938 ceffimus,
436 1849 529 1927 &in
551 1848 740 1948 proprium
761 1847 994 1944 donavimus,
1043 1846 1189 1945 Insuper
1208 1848 1323 1924 etiam
1345 1851 1490 1932 invilla
1519 1886 1521 1889 ·

245 1954 381 2028 uadam
426 1949 625 2031 Wezrnlocsr
658 1946 824 2043 ejusdem
858 1947 1014 2023 coenobii
1045 1949 1223 2048 propria,
1256 1947 1296 2025 in
1328 1954 1490 2026 comitatu

263 2075 427 2128 nrunrcr
434 2052 507 2150 filii
530 2049 697 2126 Bobboob
720 2053 847 2125 comitis
860 2048 948 2139 sita,
962 2061 1170 2127 mercatum
1182 2049 1383 2148 pubiicum,
1397 2051 1490 2130 licut

219 2152 455 2228 antecessores
476 2152 586 2227 nostri
610 2153 849 2251 imperatores
872 2151 946 2228 five
968 2173 1073 2246 reges
1087 2151 1159 2226 hoc
1184 2150 1303 2250 ipsum
1318 2154 1486 2250 permise-

215 2253 354 2329 runt&
379 2251 641 2341 concesserunt,
656 2254 709 2328 ita
723 2253 762 2328 δι
777 2275 844 2327 nos
859 2253 898 2328 in
907 2274 1040 2352 eorum
1055 2252 1487 2348 memoriam,nostra1n·

216 2378 313 2450 que,
340 2368 382 2430 ut
397 2355 585 2442 diximus,
609 2354 914 2441 retributionem,
940 2351 1030 2428 ‘cum
1050 2352 1212 2450 thelonei
1236 2355 1351 2429 lucris
1374 2371 1486 2434 caete-

215 2458 337 2553 risque
356 2456 578 2531 utilitatibus
604 2456 642 2530 in
663 2456 851 2553 proprium
879 2454 1040 2541 damus,
1067 2453 1330 2532 confirmamus
1346 2481 1389 2532 ac
1402 2481 1485 2558 per·

214 2571 324 2657 petuo
333 2554 426 2653 jure'
440 2557 680 2633 obtinendum
701 2556 949 2632 concedimus.
1005 2555 1058 2630 Et
1066 2569 1114 2630 ut
1127 2555 1198 2630 hoc
1214 2555 1346 2634 nostrae
1361 2559 1484 2635 aut'so·

214 2660 335 2735 ritatis
349 2661 487 2735 donum
503 2657 578 2736 five
605 2673 829 2758 praeceptum
852 2656 978 2734 stabile
997 2655 1040 2733 dc
1070 2657 1318 2734 inconcussum
1338 2671 1486 2759 perma-

213 2777 318 2849 neat,
343 2759 440 2835 hanc
455 2774 597 2834 cartam
613 2760 713 2834 scribi
727 2782 916 2856 manuque
943 2758 1063 2834 nostra
1077 2759 1356 2838 corroborantes
1374 2761 1485 2858 sigilli
1541 2781 1545 2790 ·

213 2861 323 2936 nostri
337 2858 558 2953 impressione
580 2856 744 2950 jussimus
762 2859 934 2954 insigniri.
986 2859 1214 2955 Sigehardus
1238 2866 1485 2941 cancellarius

213 2962 297 3038 vice
322 2955 496 3052 sigefridi
540 2956 854 3033 archicancellarii
886 2962 1094 3054 recognovi.
1149 2963 1297 3039 Data..
1333 3019 1345 3039 .
1384 2989 1483 3042 anno

215 3060 421 3138 Dominicae
437 3057 1101 3146 incarnationisMLXVILindistione
1114 3063 1161 3152 V,
1170 3087 1268 3140 anno
1282 3077 1408 3144 autem
1422 3068 1495 3146 or·‘
1631 3136 1642 3159 ,

212 3161 413 3240 (libationis
428 3159 570 3234 domini
596 3157 762 3234 Heinrici
775 3161 896 3260 quarti
914 3164 1014 3260 regis
1024 3164 1108 3253 XV,
1126 3167 1239 3266 regni
1251 3167 1317 3246 xl.
1343 3167 1483 3251 Assum

217 3264 369 3350 Wihioc.
393 3260 531 3340 Amen.
1301 3267 1309 3282 ‘

753 3361 966 3454 CXXIX.

378 3492 564 3590 Heinriri
589 3495 637 3581 dr
654 3507 806 3582 moneta
815 3497 978 3608 publica
996 3497 1037 3584 in
1064 3499 1326 3588 Lourcshaar.

203 3673 259 3802 In
274 3662 427 3740 nomine
443 3662 574 3740 sardae
586 3660 626 3740 &
640 3660 841 3740 individuae
867 3661 1069 3740 Trinitatis.
1095 3664 1336 3739 Herunrcus
1350 3664 1478 3744 divina

259 3765 407 3840 favente
420 3766 616 3840 clementia
629 3787 708 3840 rex.
760 3763 905 3842 Sanstae
920 3765 990 3839 Dei
1006 3764 1168 3842 ecciesiae
1180 3765 1354 3864 profestui
1370 3780 1479 3845 tanto

206 3867 419 3964 diligentius
444 3868 632 3966 providere
659 3867 869 3955 debemus,
903 3879 1043 3964 quanto
1066 3865 1242 3942 excelsius
1267 3890 1315 3941 ex
1349 3869 1477 3946 divino

204 3990 356 4050 munere
370 3968 556 4052 sublimati
570 3968 712 4054 sumus.
760 3971 992 4074 Quapropter
1012 3968 1477 4060 nordostunorum&
1540 4055 1555 4063 ,

1291 4087 1423 4157 carseta
1485 4150 1490 4158 .
