4000 5417
489 459 596 538 Suc.
622 455 677 534 XI
702 452 971 535 Hstuntc'o
998 440 1051 538 1v
1076 477 1224 534 nasu.
1434 485 1508 559 193
1724 465 1736 486 ’

230 768 353 848 verius
367 763 530 841 creditur
544 760 591 838 ab
607 761 796 851 omnibus,
822 761 920 840 hanc
935 762 1114 868 paginam
1131 766 1277 866 propria
1293 790 1407 842 manu
1423 786 1503 841 cor·
1795 769 1801 776 ’

229 871 469 954 roborantes,
495 861 603 958 sigilli
619 863 727 938 nostri
743 864 969 963 imprellrone
979 864 1146 963 jullrmus
1173 867 1347 966 infigniti.
1400 868 1504 963 Sige·
1530 897 1537 904 ·

227 973 371 1049 hardus
383 965 626 1044 cancellarius
647 967 727 1041 vice
752 965 924 1063 sigefridi
947 967 1261 1048 archicancellarii
1276 1031 1280 1041 .
1293 969 1502 1066 recognovi.

229 1075 329 1152 Data
346 1093 464 1147 nonas
486 1067 628 1166 Aprilis
642 1089 737 1143 anno
753 1069 957 1145 Dominicve
974 1073 1239 1149 incarnationis
1264 1074 1422 1158 MLXV,
1448 1073 1504 1148 iu·
1574 1071 1583 1084 '

228 1176 382 1252 didione
400 1175 462 1260 lll,
478 1195 574 1246 anno
590 1183 716 1246 autern
733 1171 975 1248 ordinationis
992 1173 1156 1250 Heinrici
1171 1178 1291 1274 quarti
1308 1177 1405 1272 regis
1420 1175 1502 1263 Xll,
1550 1181 1580 1246 5·
1599 1160 1676 1245 Alf·
1784 1247 1788 1254 ,
1903 1207 1906 1214 ·

227 1279 330 1374 tegni
353 1273 432 1372 ejus
458 1273 574 1354 Vllll.
627 1269 767 1349 Astum
793 1273 998 1370 Magnesiae
1014 1277 1059 1352 in.
1079 1275 1149 1352 Dei
1172 1281 1323 1355 nomine
1348 1277 1504 1355 feliciter
1562 1252 1655 1330 ¹⁰⁶5·

231 1403 355 1457 amen.
942 1407 948 1424 ⁴

229 1497 430 1674 Dehinc
451 1505 472 1550 ⁵
490 1491 753 1583 venerandus
778 1514 897 1610 pater
923 1489 1178 1598 Udalricus,
1206 1492 1401 1612 utsupra
1419 1522 1714 1606 mmmm,

339 1613 560 1703 minimus,
588 1636 696 1692 anno
725 1607 963 1695 Dominicae
980 1607 1503 1711 incarnationisMLXXl,

233 1725 527 1812 monasterium
546 1717 734 1806 ininsula
759 1717 1051 1832 Aldenmunster
1070 1722 1313 1808 restauravit
1334 1783 1344 1816 ,
1374 1721 1418 1809 δι
1446 1723 1503 1806 in·

232 1857 298 1924 ter
320 1834 453 1922 multa
474 1833 611 1918 eidem
639 1829 788 1918 collata
798 1831 994 1918 beneficia
1014 1831 1119 1916 hanc
1138 1827 1355 1946 specialem
1364 1833 1414 1916 de
1434 1831 1503 1916 mi·

232 1949 325 2035 nori
375 1939 636 2144 Saffnheim
673 1943 945 2033 donationem
972 1943 1072 2032 fecit
1098 2005 1110 2048 ,
1139 1943 1185 2033 δι
1212 1943 1405 2030 donando
1431 1941 1504 2030 tati

231 2060 360 2148 modo
378 2087 429 2144 co
474 2061 652 2146 nmavit.
1568 2060 1572 2071 ’

225 2371 423 2494 ΙΠιίιιῖνὶοἰ
458 2401 615 2493 abbatis
641 2401 688 2490 de
715 2269 1220 2547 reffatffimonnsterii
1242 2399 1507 2510 Aldemmvier

543 2625 725 2718 Donatio
743 2630 829 2744 ejus
842 2515 901 2716 {ri
918 2574 1191 2742 Sahffenheim.

231 2803 282 2930 ln
302 2791 434 2870 Christi
463 2794 638 2883 nomine,
663 2797 919 2883 Uoncmcus,
946 2795 1019 2870 Dei
1034 2795 1155 2890 gratia
1181 2787 1506 2871 Laureshamenlis

282 2893 441 2968 ecclestae
457 2895 590 2978 abbas,
608 2896 779 2970 omnibus
794 2894 928 2971 Christi
941 2895 1130 2984 fidelibus,
1146 2911 1226 2972 tam
1240 2894 1376 2970 futuris
1391 2915 1505 2989 quam

240 2991 487 3094 praesentibus
513 2991 678 3066 Scientes
691 3017 759 3065 nos
784 2993 823 3067 in
836 2995 908 3070 hoc
932 3011 1101 3086 vocatos,
1128 2998 1248 3072 innoc
1264 2995 1396 3094 pofitos
1416 2992 1503 3080 elle,

240 3111 284 3172 ut
297 3095 467 3169 decorem
481 3093 616 3169 domus
643 3091 712 3166 Dei
727 3092 951 3190 diligamus,
985 3098 1111 3175 divina
1131 3099 1279 3177 favente
1305 3093 1503 3172 clementia

234 3195 401 3276 animum
416 3195 659 3281 indusimus,
686 3216 760 3270 non
775 3195 892 3272 solum
912 3198 1073 3278 ecclefiae
1098 3200 1228 3278 nostrae
1247 3197 1402 3298 dispersa
1415 3220 1501 3271 con·

233 3321 411 3398 gregare,
439 3294 695 3375 verumetiam
708 3295 747 3375 in
761 3297 820 3373 his
836 3300 1023 3390 maxime,
1044 3302 1225 3398 quaesunt
1239 3303 1289 3378 ad
1313 3303 1435 3378 De'um
1447 3295 1525 3370 di·x

112 3467 119 3472 .
236 3406 350 3490 tetta,
376 3401 595 3484 reformare,
621 3395 883 3476 &reformata
915 3423 1133 3500 propagare.
1160 3437 1163 3444 ·
1187 3406 1246 3480 Ea
1268 3417 1415 3502 propter
1439 3419 1503 3470 no·

236 3517 327 3581 tunt
340 3503 384 3581 stt
405 3501 576 3577 omnibus
608 3497 740 3575 Christi
762 3499 959 3589 fidelibus,
985 3505 1144 3599 qualiter
1163 3529 1230 3580 nos
1247 3507 1292 3579 ob
1324 3504 1504 3576 honorem

237 3604 359 3682 Dei&
375 3604 472 3680 beati
499 3601 617 3690 Petri,
642 3600 815 3701 principis
830 3601 1084 3700 apostolorum,
1100 3606 1234 3679 cellam
1259 3603 1503 3700 Addamunflcr,

237 3707 463 3806 primitivam
482 3702 644 3782 ecclefiae
678 3702 808 3779 nostrae
830 3717 1017 3792 matrem,
1044 3707 1188 3780 monitu
1210 3705 1248 3780 dt
1263 3716 1396 3798 rogatu
1416 3701 1504 3776 iere-

238 3806 370 3882 nilhmi
384 3806 761 3895 Heruurcs,domini
776 3805 883 3882 nostri
898 3808 1024 3903 quarti
1040 3807 1148 3904 regis,
1162 3830 1229 3882 nec
1242 3829 1317 3880 non
1333 3803 1505 3891 fratrum,

238 3905 529 3986 ministerialium
545 3932 588 3985 ac
606 3907 772 3986 fidelium
793 3909 997 3986 nostrorum
1010 3909 1180 4012 consultu
1199 3907 1238 3984 δι
1264 3905 1415 3995 annisu,
1440 3903 1506 3980 diu

238 4010 439 4091 desolatam
452 4013 739 4105 renovavimus,
766 4011 805 4092 dt
827 4011 1030 4196 adrgvigne
1050 4011 1237 4110 religionis
1262 4021 1506 4187 augmentum

1063 4139 1066 4145 ·
1397 4132 1456 4186 ra·
