4000 5417
284 1319 288 1327 ,
351 1229 358 1243 ‘
505 1227 554 1314 fit
573 1221 920 1339 recompensatio,
946 1225 991 1313 dr
1008 1225 1146 1338 siquis
1165 1248 1272 1311 inter
1288 1225 1329 1310 di

508 494 585 574 '258
879 467 1064 549 Canon.
1091 489 1152 546 ur
1178 469 1394 549 enim

1046 689 1784 716 *mm

510 773 730 864 recolsesia
765 770 936 885 aiicujus
974 775 1034 858 im
1064 774 1254 870 rudentia
1290 771 1653 888 dispergerentur,
1710 782 1779 868 uia

508 886 728 978 subtractis
747 885 976 972 necessariis
1000 802 1211 1001 rdsigionis
1240 891 1353 1002 rigor
1368 882 1634 976 subtrahitur.
1678 805 1782 980 sto·

511 1002 608 1087 inde
625 1001 765 1117 siquis
781 998 862 1084 hoc
877 1000 967 1110 ejus
994 997 1192 1115 exemplo
1208 1003 1368 1101 nititur,
1386 1021 1531 1086 utatur
1549 1003 1638 1112 ejus
1657 1002 1701 1091 dt
1721 1011 1778 1092 in·

509 1114 661 1200 dustria
677 1143 689 1211 3
718 1116 819 1226 quia
834 1114 891 1197 ibi
905 1113 1010 1224 justa
1030 1109 1261 1228 ,usurpatur
1277 1109 1550 1312 dispensatio,
1580 1119 1651 1203 ubi
1669 1120 1778 1205 bona

1166 1228 1175 1244 ‘
1348 1223 1587 1340 pensatores
1606 1229 1777 1318 familiae

506 1339 592 1430 Dei
609 1339 662 1424 ad
679 1336 758 1422 hoc
777 1337 973 1438 intendit,
1003 1359 1052 1422 ut
1071 1334 1203 1435 fidelis
1224 1341 1480 1440 inveniatur,
1502 1366 1580 1454 pro
1598 1345 1775 1430 minimo

509 1452 626 1538 ducit
646 1513 657 1554 ,
684 1449 933 1561 iijudicetur
948 1451 1000 1534 ab
1026 1449 1208 1535 humano
1224 1449 1305 1544 die.
1362 1449 1467 1539 Illud
1487 1455 1636 1554 etiam,
1650 1455 1774 1581 squod

508 1559 801 1696 praescribunt,
819 1589 917 1647 eum
942 1590 1019 1676 per
1034 1555 1311 1652 'introdusium
1339 1563 1512 1654 comitem
1539 1566 1774 1659 Palatinum

506 1703 653 1788 jugum
666 1673 844 1760 ecclesiae
862 1672 1124 1786 aggravasse,
1150 1672 1451 1779 firecoserent,
1480 1704 1585 1791 quas
1611 1681 1772 1784 minas,

429 1871 438 1880 ,
507 1814 614 1900 quas
643 1784 792 1887 clades,
821 1812 918 1896 quae
944 1791 1196 1873 exterminia
1223 1789 1454 1905 imperator
1482 1793 1563 1877 toti
1591 1789 1772 1880 ecclesiae

506 1900 799 2000 intentaverit,
827 1924 1039 2014 quamque
1056 1899 1099 1985 id
1116 1903 1156 1985 ei
1173 1898 1352 1988 fratrum
1369 1932 1418 1988 ac
1448 1901 1772 2012 ministerialium

505 2012 699 2126 precibus
715 2011 794 2096 vix
809 2030 1026 2096 extortum
1041 2009 1199 2117 fuerit,
1227 2042 1277 2099 ac
1292 2015 1464 2104 demum
1488 2036 1660 2123 arcuato
1683 2015 1771 2104 vul·

503 2126 593 2209 neri
613 2125 846 2209 cauterium
860 2124 1103 2238 obponens,
1132 2125 1318 2240 periculo
1343 2124 1576 2243 periculum
1595 2125 1770 2236 lenierit,

427 2305 430 2310 .
502 2237 674 2323 veritati
699 2263 784 2320 non
800 2233 998 2321 inferrent
1054 2238 1345 2348 raejudicium3
1370 2243 1570 2324 canonico
1594 2243 1638 2324 in
1657 2242 1769 2329 idem

500 2342 780 2456 consentiente
797 2347 994 2447 decreto,
1023 2265 1187 2436 duobus
1213 2348 1334 2436 malis
1360 2352 1636 2463 urgentibus,
1665 2379 1768 2464 quo-

377 2479 386 2493 *
500 2488 598 2546 rum
622 2460 801 2547 alterum
825 2459 907 2546 sine
935 2458 1068 2546 altero
1096 2459 1293 2548 declinari
1324 2490 1409 2546 non
1434 2461 1594 2577 potest,
1624 2466 1766 2550 minus

500 2569 737 2685 eligendum
762 2571 851 2657 esse.
906 2572 1032 2664 Unde
1050 2574 1135 2675 est,
1163 2575 1422 2686 quodetiam
1451 2573 1629 2660 castrum
1671 2573 1740 2666 W
1734 2575 1765 2660 i-

501 2681 677 2770 narheim
706 2683 907 2771 beneficio
927 2687 1058 2771 curtis
1088 2680 1339 2774 Uloenssreim
1361 2687 1415 2772 ab
1442 2683 1644 2802 imperiali
1670 2715 1766 2803 pos·

498 2793 735 2887 sessione&
763 2797 952 2912 praefidio
974 2794 1196 2901 liberavit,
1225 2793 1353 2885 satius
1379 2799 1605 2886 arbitratus
1640 2802 1764 2887 unius

499 2906 613 2997 vissae
636 2911 840 2999 reditibus
865 2909 910 2998 dt
936 2909 1197 3025 pensronibus
1215 2905 1405 3011 destitui,
1434 2937 1564 3024 quam
1592 2913 1766 2998 castren·

446 3030 448 3041 '
495 3021 599 3108 sium
615 3027 769 3227 rapinis
785 3024 830 3111 dr
848 3022 1074 3110 incursibus
1090 3043 1226 3110 totam
1244 3020 1454 3108 ecclesiam
1472 3023 1683 3138 perditum
1698 3027 1763 3110 iri.
1847 3079 1850 3084 ·

495 3133 622 3233 Hica
691 3137 819 3224 itione
835 3163 973 3250 papa,
1000 3138 1074 3248 qui
1104 3133 1149 3222 dr
1174 3132 1461 3236 ottavianus,
1490 3162 1564 3248 per
1589 3163 1761 3222 manum

493 3244 710 3336 Christiani
726 3245 958 3355 cancellarii
975 3244 1149 3333 insulam
1167 3245 1441 3334 transmissam
1458 3242 1644 3361 personae
1661 3248 1760 3334 dun·

490 3379 615 3449 taxat
630 3356 716 3448 suae
730 3363 908 3476 recepit,
937 3353 1118 3444 sedeam
1135 3358 1313 3464 ecclesiae
1330 3355 1415 3446 suae
1428 3356 1646 3475 privilegio
1663 3389 1760 3446 con·

489 3469 647 3560 firmari
675 3478 814 3562 minus
850 3479 1060 3586 integrum
1086 3475 1313 3560 arbitratus
1347 3473 1435 3574 est,
1471 3475 1638 3585 ignarus
1662 3475 1759 3585 quis

489 3584 584 3672 finis
601 3581 754 3688 scisma,
772 3584 887 3701 quod
903 3588 1012 3672 inter
1030 3580 1163 3699 ipsum
1180 3585 1226 3672 dt
1244 3581 1497 3685 Rolandum,
1508 3586 1581 3696 qui
1598 3585 1644 3672 du
1662 3585 1760 3672 Hie·

490 3698 673 3801 xander,
689 3728 823 3815 nuper
839 3721 1062 3800 exortum,
1091 3699 1134 3783 in
1151 3724 1321 3785 omnem
1337 3694 1545 3782 ecclesiam
1558 3697 1646 3806 jam
1665 3719 1759 3783 turn

491 3805 1436 4011 tusffiffltafffiztsstssdadtts?
1451 3809 1623 4012 usit
1645 3804 1758 4006 sits}

491 4031 639 4138 Visior
674 4063 772 4130 cum
785 4037 1154 4144 Teutonicum,
1182 4031 1237 4129 ,δι
1260 4036 1450 4128 maxime
1479 4031 1755 4136 ecclesustieo
