<?xml version="1.0" encoding="UTF-8"?>
<!DOCTYPE html PUBLIC "-//W3C//DTD XHTML 1.0 Transitional//EN"
    "http://www.w3.org/TR/xhtml1/DTD/xhtml1-transitional.dtd">
<html xmlns="http://www.w3.org/1999/xhtml" xml:lang="en" lang="en">
 <head>
  <title>
</title>
<meta http-equiv="Content-Type" content="text/html;charset=utf-8" />
  <meta name='ocr-system' content='tesseract 3.04.00' />
  <meta name='ocr-capabilities' content='ocr_page ocr_carea ocr_par ocr_line ocrx_word'/>
</head>
<body>
  <div class='ocr_page' id='page_1' title='image "./codexprincipiso00egyegoog_0363.png"; bbox 0 0 4000 5417; ppageno 0'>
   <div class='ocr_carea' id='block_1_1' title="bbox 219 499 1318 762">
    <p class='ocr_par' dir='ltr' id='par_1_1' title="bbox 219 499 1318 762">
     <span class='ocr_line' id='line_1_1' title="bbox 587 499 1119 582; baseline -0.004 -2"><span class='ocrx_word' id='word_1_1' title='bbox 587 525 646 582; x_wconf 79' lang='lat' dir='ltr'>rv</span> <span class='ocrx_word' id='word_1_2' title='bbox 671 523 799 581; x_wconf 77' lang='lat' dir='ltr'>eaeo</span> <span class='ocrx_word' id='word_1_3' title='bbox 824 499 1119 580; x_wconf 77' lang='lat' dir='ltr'>Rnnvnusu</span> 
     </span>
     <span class='ocr_line' id='line_1_2' title="bbox 219 723 1318 762; baseline 0 -20"><span class='ocrx_word' id='word_1_4' title='bbox 219 723 1318 762; x_wconf 85' lang='lat'><em>.----·-------·-·---</em></span> 
     </span>
    </p>
   </div>
   <div class='ocr_carea' id='block_1_2' title="bbox 154 809 1672 2345">
    <p class='ocr_par' dir='ltr' id='par_1_2' title="bbox 218 809 1491 1330">
     <span class='ocr_line' id='line_1_3' title="bbox 219 809 1491 915; baseline -0.013 -15"><span class='ocrx_word' id='word_1_5' title='bbox 219 819 411 907; x_wconf 88' lang='lat' dir='ltr'>omnibus,</span> <span class='ocrx_word' id='word_1_6' title='bbox 437 838 521 915; x_wconf 79' lang='lat' dir='ltr'>quae</span> <span class='ocrx_word' id='word_1_7' title='bbox 535 837 605 911; x_wconf 88' lang='lat' dir='ltr'>ego</span> <span class='ocrx_word' id='word_1_8' title='bbox 619 809 839 912; x_wconf 75' lang='lat' dir='ltr'>inpraesenti</span> <span class='ocrx_word' id='word_1_9' title='bbox 862 821 1028 909; x_wconf 83' lang='lat' dir='ltr'>ternpore</span> <span class='ocrx_word' id='word_1_10' title='bbox 1041 809 1177 888; x_wconf 87' lang='lat' dir='ltr'>habere</span> <span class='ocrx_word' id='word_1_11' title='bbox 1199 809 1260 888; x_wconf 90' lang='lat' dir='ltr'>vel</span> <span class='ocrx_word' id='word_1_12' title='bbox 1276 809 1410 907; x_wconf 92' lang='lat' dir='ltr'>quibus</span> <span class='ocrx_word' id='word_1_13' title='bbox 1425 809 1491 886; x_wconf 89' lang='lat' dir='ltr'>do·</span> 
     </span>
     <span class='ocr_line' id='line_1_4' title="bbox 219 909 1490 1012; baseline -0.012 -8"><span class='ocrx_word' id='word_1_14' title='bbox 219 919 356 1003; x_wconf 84' lang='lat' dir='ltr'>minari</span> <span class='ocrx_word' id='word_1_15' title='bbox 369 921 512 1008; x_wconf 88' lang='lat' dir='ltr'>videor,</span> <span class='ocrx_word' id='word_1_16' title='bbox 539 917 588 994; x_wconf 85' lang='lat' dir='ltr'>ad</span> <span class='ocrx_word' id='word_1_17' title='bbox 600 917 787 1012; x_wconf 89' lang='lat' dir='ltr'>integrum</span> <span class='ocrx_word' id='word_1_18' title='bbox 802 937 825 990; x_wconf 86' lang='lat' dir='ltr'>a</span> <span class='ocrx_word' id='word_1_19' title='bbox 839 912 900 988; x_wconf 90' lang='lat' dir='ltr'>die</span> <span class='ocrx_word' id='word_1_20' title='bbox 913 911 1089 1012; x_wconf 79' lang='lat' dir='ltr'>praesente</span> <span class='ocrx_word' id='word_1_21' title='bbox 1110 915 1155 988; x_wconf 85' lang='lat' dir='ltr'>de</span> <span class='ocrx_word' id='word_1_22' title='bbox 1177 909 1258 1009; x_wconf 87' lang='lat' dir='ltr'>jure</span> <span class='ocrx_word' id='word_1_23' title='bbox 1274 934 1357 988; x_wconf 88' lang='lat' dir='ltr'>meo</span> <span class='ocrx_word' id='word_1_24' title='bbox 1378 909 1490 1008; x_wconf 85' lang='lat' dir='ltr'>injus</span> 
     </span>
     <span class='ocr_line' id='line_1_5' title="bbox 220 1011 1488 1120; baseline -0.01 -18"><span class='ocrx_word' id='word_1_25' title='bbox 220 1022 480 1103; x_wconf 84' lang='lat' dir='ltr'>&amp;dominium</span> <span class='ocrx_word' id='word_1_26' title='bbox 495 1017 607 1120; x_wconf 86' lang='lat' dir='ltr'>ipfius</span> <span class='ocrx_word' id='word_1_27' title='bbox 626 1015 838 1094; x_wconf 85' lang='lat' dir='ltr'>monasterii</span> <span class='ocrx_word' id='word_1_28' title='bbox 852 1016 913 1090; x_wconf 92' lang='lat' dir='ltr'>vel</span> <span class='ocrx_word' id='word_1_29' title='bbox 926 1011 1038 1114; x_wconf 89' lang='lat' dir='ltr'>ipsrus</span> <span class='ocrx_word' id='word_1_30' title='bbox 1053 1011 1328 1116; x_wconf 86' lang='lat' dir='ltr'>archiepiscopi,</span> <span class='ocrx_word' id='word_1_31' title='bbox 1354 1027 1420 1091; x_wconf 89' lang='lat' dir='ltr'>aut</span> <span class='ocrx_word' id='word_1_32' title='bbox 1432 1015 1488 1115; x_wconf 92' lang='lat' dir='ltr'>ip-</span> 
     </span>
     <span class='ocr_line' id='line_1_6' title="bbox 220 1115 1487 1216; baseline -0.008 -12"><span class='ocrx_word' id='word_1_33' title='bbox 220 1126 346 1204; x_wconf 80' lang='lat' dir='ltr'>sorum</span> <span class='ocrx_word' id='word_1_34' title='bbox 376 1123 644 1200; x_wconf 83' lang='lat' dir='ltr'>monachorum</span> <span class='ocrx_word' id='word_1_35' title='bbox 663 1116 771 1194; x_wconf 89' lang='lat' dir='ltr'>trado</span> <span class='ocrx_word' id='word_1_36' title='bbox 805 1129 918 1216; x_wconf 89' lang='lat' dir='ltr'>atque</span> <span class='ocrx_word' id='word_1_37' title='bbox 940 1115 1159 1193; x_wconf 82' lang='lat' dir='ltr'>transfundo</span> <span class='ocrx_word' id='word_1_38' title='bbox 1180 1117 1220 1193; x_wconf 93' lang='lat' dir='ltr'>in</span> <span class='ocrx_word' id='word_1_39' title='bbox 1245 1116 1315 1194; x_wconf 93' lang='lat' dir='ltr'>Dei</span> <span class='ocrx_word' id='word_1_40' title='bbox 1336 1117 1487 1194; x_wconf 88' lang='lat' dir='ltr'>nomine</span> 
     </span>
     <span class='ocr_line' id='line_1_7' title="bbox 218 1217 1489 1330; baseline -0.008 -24"><span class='ocrx_word' id='word_1_41' title='bbox 218 1228 481 1330; x_wconf 80' lang='lat' dir='ltr'>perpetualiter</span> <span class='ocrx_word' id='word_1_42' title='bbox 501 1224 551 1300; x_wconf 88' lang='lat' dir='ltr'>ad</span> <span class='ocrx_word' id='word_1_43' title='bbox 565 1219 841 1324; x_wconf 88' lang='lat' dir='ltr'>pollrdendum,</span> <span class='ocrx_word' id='word_1_44' title='bbox 865 1219 920 1294; x_wconf 87' lang='lat' dir='ltr'>ita</span> <span class='ocrx_word' id='word_1_45' title='bbox 935 1230 979 1296; x_wconf 90' lang='lat' dir='ltr'>ut</span> <span class='ocrx_word' id='word_1_46' title='bbox 998 1219 1133 1296; x_wconf 78' lang='lat' dir='ltr'>abhuc</span> <span class='ocrx_word' id='word_1_47' title='bbox 1156 1219 1216 1297; x_wconf 88' lang='lat' dir='ltr'>die</span> <span class='ocrx_word' id='word_1_48' title='bbox 1229 1217 1407 1310; x_wconf 88' lang='lat' dir='ltr'>habendi,</span> <span class='ocrx_word' id='word_1_49' title='bbox 1433 1233 1489 1297; x_wconf 90' lang='lat' dir='ltr'>te·</span> 
     </span>
    </p>

    <p class='ocr_par' dir='ltr' id='par_1_3' title="bbox 154 1319 1672 2345">
     <span class='ocr_line' id='line_1_8' title="bbox 154 1319 1490 1423; baseline -0.004 -19"><span class='ocrx_word' id='word_1_50' title='bbox 154 1399 166 1404; x_wconf 89' lang='lat'>-</span> <span class='ocrx_word' id='word_1_51' title='bbox 219 1330 357 1418; x_wconf 89' lang='lat' dir='ltr'>nendi,</span> <span class='ocrx_word' id='word_1_52' title='bbox 383 1324 640 1404; x_wconf 78' lang='lat' dir='ltr'>commutandi</span> <span class='ocrx_word' id='word_1_53' title='bbox 661 1323 723 1399; x_wconf 86' lang='lat' dir='ltr'>vel</span> <span class='ocrx_word' id='word_1_54' title='bbox 744 1319 923 1419; x_wconf 90' lang='lat' dir='ltr'>quidquid</span> <span class='ocrx_word' id='word_1_55' title='bbox 943 1321 1077 1398; x_wconf 86' lang='lat' dir='ltr'>exinde</span> <span class='ocrx_word' id='word_1_56' title='bbox 1100 1333 1205 1422; x_wconf 84' lang='lat' dir='ltr'>pater</span> <span class='ocrx_word' id='word_1_57' title='bbox 1225 1320 1336 1423; x_wconf 86' lang='lat' dir='ltr'>ipirus</span> <span class='ocrx_word' id='word_1_58' title='bbox 1359 1345 1490 1402; x_wconf 88' lang='lat' dir='ltr'>mona·</span> 
     </span>
     <span class='ocr_line' id='line_1_9' title="bbox 220 1420 1491 1529; baseline -0.006 -19"><span class='ocrx_word' id='word_1_59' title='bbox 220 1431 319 1510; x_wconf 88' lang='lat' dir='ltr'>sterii</span> <span class='ocrx_word' id='word_1_60' title='bbox 331 1430 511 1529; x_wconf 87' lang='lat' dir='ltr'>elegerit,</span> <span class='ocrx_word' id='word_1_61' title='bbox 535 1424 696 1505; x_wconf 88' lang='lat' dir='ltr'>faciendi</span> <span class='ocrx_word' id='word_1_62' title='bbox 708 1423 823 1500; x_wconf 91' lang='lat' dir='ltr'>libero</span> <span class='ocrx_word' id='word_1_63' title='bbox 836 1420 1059 1502; x_wconf 89' lang='lat' dir='ltr'>inomnibus</span> <span class='ocrx_word' id='word_1_64' title='bbox 1084 1425 1220 1524; x_wconf 82' lang='lat' dir='ltr'>perfrui</span> <span class='ocrx_word' id='word_1_65' title='bbox 1234 1425 1397 1504; x_wconf 86' lang='lat' dir='ltr'>arbitrio.</span> <span class='ocrx_word' id='word_1_66' title='bbox 1447 1425 1491 1504; x_wconf 89' lang='lat' dir='ltr'>Si</span> 
     </span>
     <span class='ocr_line' id='line_1_10' title="bbox 221 1521 1490 1634; baseline -0.009 -21"><span class='ocrx_word' id='word_1_67' title='bbox 221 1533 304 1634; x_wconf 89' lang='lat' dir='ltr'>quis</span> <span class='ocrx_word' id='word_1_68' title='bbox 318 1557 407 1612; x_wconf 89' lang='lat' dir='ltr'>vero</span> <span class='ocrx_word' id='word_1_69' title='bbox 421 1532 522 1632; x_wconf 89' lang='lat' dir='ltr'>quod</span> <span class='ocrx_word' id='word_1_70' title='bbox 534 1531 703 1609; x_wconf 85' lang='lat' dir='ltr'>fututum</span> <span class='ocrx_word' id='word_1_71' title='bbox 716 1525 785 1604; x_wconf 87' lang='lat' dir='ltr'>elle</span> <span class='ocrx_word' id='word_1_72' title='bbox 799 1526 1016 1615; x_wconf 84' lang='lat' dir='ltr'>noneredo,</span> <span class='ocrx_word' id='word_1_73' title='bbox 1040 1521 1084 1606; x_wconf 62' lang='grc' dir='ltr'>ὅ</span> <span class='ocrx_word' id='word_1_74' title='bbox 1098 1530 1230 1626; x_wconf 76' lang='lat' dir='ltr'>reliqua</span> <span class='ocrx_word' id='word_1_75' title='bbox 1245 1531 1356 1604; x_wconf 78' lang='lat' dir='ltr'>omnia</span> <span class='ocrx_word' id='word_1_76' title='bbox 1371 1541 1412 1604; x_wconf 79' lang='lat' dir='ltr'>ut</span> <span class='ocrx_word' id='word_1_77' title='bbox 1425 1526 1490 1630; x_wconf 82' lang='lat' dir='ltr'>su·</span> 
     </span>
     <span class='ocr_line' id='line_1_11' title="bbox 216 1626 1491 1748; baseline -0.004 -33"><span class='ocrx_word' id='word_1_78' title='bbox 216 1660 291 1738; x_wconf 77' lang='lat' dir='ltr'>pra</span> <span class='ocrx_word' id='word_1_79' title='bbox 304 1660 436 1734; x_wconf 77' lang='lat' dir='ltr'>usque:</span> <span class='ocrx_word' id='word_1_80' title='bbox 461 1658 549 1713; x_wconf 90' lang='lat' dir='ltr'>cum</span> <span class='ocrx_word' id='word_1_81' title='bbox 572 1641 729 1748; x_wconf 74' lang='lat' dir='ltr'>regente</span> <span class='ocrx_word' id='word_1_82' title='bbox 761 1627 849 1748; x_wconf 66' lang='lat' dir='ltr'>ilico</span> <span class='ocrx_word' id='word_1_83' title='bbox 867 1628 950 1746; x_wconf 76' lang='lat' dir='ltr'>auri</span> <span class='ocrx_word' id='word_1_84' title='bbox 969 1628 1084 1706; x_wconf 85' lang='lat' dir='ltr'>libras</span> <span class='ocrx_word' id='word_1_85' title='bbox 1095 1626 1138 1724; x_wconf 84' lang='lat' dir='ltr'>jj,</span> <span class='ocrx_word' id='word_1_86' title='bbox 1157 1633 1304 1747; x_wconf 26' lang='lat' dir='ltr'>‘argenti</span> <span class='ocrx_word' id='word_1_87' title='bbox 1329 1633 1491 1730; x_wconf 84' lang='lat' dir='ltr'>pondera</span> 
     </span>
     <span class='ocr_line' id='line_1_12' title="bbox 217 1729 1512 1939; baseline -0.004 -23"><span class='ocrx_word' id='word_1_88' title='bbox 217 1736 745 1939; x_wconf 57' lang='lat' dir='ltr'>sepelieritis?</span> <span class='ocrx_word' id='word_1_89' title='bbox 763 1729 1512 1931; x_wconf 61' lang='lat' dir='ltr'>latmltuttzlltitttlt</span> 
     </span>
     <span class='ocr_line' id='line_1_13' title="bbox 219 1931 1672 2048; baseline -0.003 -32"><span class='ocrx_word' id='word_1_90' title='bbox 219 1940 280 2017; x_wconf 90' lang='lat' dir='ltr'>die</span> <span class='ocrx_word' id='word_1_91' title='bbox 300 1940 371 2016; x_wconf 91' lang='lat' dir='ltr'>XII</span> <span class='ocrx_word' id='word_1_92' title='bbox 403 1941 585 2018; x_wconf 80' lang='lat' dir='ltr'>kalendas</span> <span class='ocrx_word' id='word_1_93' title='bbox 611 1935 716 2034; x_wconf 78' lang='lat' dir='ltr'>Maji</span> <span class='ocrx_word' id='word_1_94' title='bbox 766 1934 924 2032; x_wconf 85' lang='lat' dir='ltr'>Signum</span> <span class='ocrx_word' id='word_1_95' title='bbox 943 1933 1111 2021; x_wconf 79' lang='lat' dir='ltr'>udonis,</span> <span class='ocrx_word' id='word_1_96' title='bbox 1137 1932 1201 2030; x_wconf 90' lang='lat' dir='ltr'>qui</span> <span class='ocrx_word' id='word_1_97' title='bbox 1219 1931 1317 2008; x_wconf 86' lang='lat' dir='ltr'>hanc</span> <span class='ocrx_word' id='word_1_98' title='bbox 1350 1935 1494 2012; x_wconf 84' lang='lat' dir='ltr'>donati·</span> <span class='ocrx_word' id='word_1_99' title='bbox 1531 1959 1672 2048; x_wconf 51' lang='grc' dir='ltr'>ΜΨ,</span> 
     </span>
     <span class='ocr_line' id='line_1_14' title="bbox 219 2032 1494 2135; baseline -0.002 -20"><span class='ocrx_word' id='word_1_100' title='bbox 219 2063 331 2119; x_wconf 88' lang='lat' dir='ltr'>onem</span> <span class='ocrx_word' id='word_1_101' title='bbox 346 2039 478 2120; x_wconf 85' lang='lat' dir='ltr'>fieri&amp;</span> <span class='ocrx_word' id='word_1_102' title='bbox 502 2040 678 2119; x_wconf 88' lang='lat' dir='ltr'>affirmari</span> <span class='ocrx_word' id='word_1_103' title='bbox 699 2038 873 2135; x_wconf 90' lang='lat' dir='ltr'>rogavit,</span> <span class='ocrx_word' id='word_1_104' title='bbox 896 2036 1041 2133; x_wconf 90' lang='lat' dir='ltr'>srgnum</span> <span class='ocrx_word' id='word_1_105' title='bbox 1054 2032 1280 2124; x_wconf 90' lang='lat' dir='ltr'>Defidrodo,</span> <span class='ocrx_word' id='word_1_106' title='bbox 1305 2037 1494 2128; x_wconf 88' lang='lat' dir='ltr'>Dedrone‚</span> 
     </span>
     <span class='ocr_line' id='line_1_15' title="bbox 218 2135 1495 2242; baseline -0.002 -23"><span class='ocrx_word' id='word_1_107' title='bbox 218 2142 380 2238; x_wconf 81' lang='lat' dir='ltr'>Signini,</span> <span class='ocrx_word' id='word_1_108' title='bbox 407 2143 639 2232; x_wconf 81' lang='lat' dir='ltr'>Ganefardo,</span> <span class='ocrx_word' id='word_1_109' title='bbox 663 2138 852 2233; x_wconf 72' lang='lat' dir='ltr'>liudoino,</span> <span class='ocrx_word' id='word_1_110' title='bbox 876 2137 1067 2230; x_wconf 78' lang='lat' dir='ltr'>Andreae,</span> <span class='ocrx_word' id='word_1_111' title='bbox 1093 2135 1365 2220; x_wconf 65' lang='lat' dir='ltr'>Genuamnu</span> <span class='ocrx_word' id='word_1_112' title='bbox 1410 2141 1495 2242; x_wconf 86' lang='lat' dir='ltr'>Ego</span> 
     </span>
     <span class='ocr_line' id='line_1_16' title="bbox 218 2240 758 2345; baseline -0.006 -23"><span class='ocrx_word' id='word_1_113' title='bbox 218 2243 421 2324; x_wconf 84' lang='lat' dir='ltr'>Donadeus</span> <span class='ocrx_word' id='word_1_114' title='bbox 442 2256 598 2345; x_wconf 83' lang='lat' dir='ltr'>rogatus</span> <span class='ocrx_word' id='word_1_115' title='bbox 622 2240 758 2344; x_wconf 81' lang='lat' dir='ltr'>scripit.</span> 
     </span>
    </p>
   </div>
   <div class='ocr_carea' id='block_1_3' title="bbox 218 2442 1495 2779">
    <p class='ocr_par' dir='ltr' id='par_1_4' title="bbox 218 2442 1495 2779">
     <span class='ocr_line' id='line_1_17' title="bbox 218 2442 1495 2779; baseline -0.005 -109"><span class='ocrx_word' id='word_1_116' title='bbox 218 2572 410 2670; x_wconf 78' lang='lat' dir='ltr'>Venditr&#39;o</span> <span class='ocrx_word' id='word_1_117' title='bbox 425 2571 631 2666; x_wconf 75' lang='lat' dir='ltr'>Dietbertr&#39;</span> <span class='ocrx_word' id='word_1_118' title='bbox 645 2572 688 2664; x_wconf 75' lang='lat' dir='ltr'>in</span> <span class='ocrx_word' id='word_1_119' title='bbox 713 2442 1017 2687; x_wconf 48' lang='lat' dir='ltr'>1515an</span> <span class='ocrx_word' id='word_1_120' title='bbox 1020 2581 1224 2779; x_wconf 48' lang='lat' dir='ltr'>2rceflvuute</span> <span class='ocrx_word' id='word_1_121' title='bbox 1251 2569 1405 2663; x_wconf 79' lang='lat' dir='ltr'>domiuo</span> <span class='ocrx_word' id='word_1_122' title='bbox 1427 2603 1495 2668; x_wconf 81' lang='lat' dir='ltr'>uu·</span> 
     </span>
    </p>
   </div>
   <div class='ocr_carea' id='block_1_4' title="bbox 285 2683 1415 2806">
    <p class='ocr_par' dir='ltr' id='par_1_5' title="bbox 285 2683 1415 2806">
     <span class='ocr_line' id='line_1_18' title="bbox 285 2683 1415 2806; baseline 0.003 -31"><span class='ocrx_word' id='word_1_123' title='bbox 285 2689 375 2800; x_wconf 82' lang='lat' dir='ltr'>stro</span> <span class='ocrx_word' id='word_1_124' title='bbox 392 2688 567 2806; x_wconf 80' lang='lat' dir='ltr'>glorioso</span> <span class='ocrx_word' id='word_1_125' title='bbox 591 2717 688 2802; x_wconf 79' lang='lat' dir='ltr'>rege</span> <span class='ocrx_word' id='word_1_126' title='bbox 705 2687 886 2804; x_wconf 83' lang='lat' dir='ltr'>Pippino</span> <span class='ocrx_word' id='word_1_127' title='bbox 902 2715 1006 2776; x_wconf 84' lang='lat' dir='ltr'>anno</span> <span class='ocrx_word' id='word_1_128' title='bbox 1116 2685 1173 2778; x_wconf 88' lang='lat' dir='ltr'>II</span> <span class='ocrx_word' id='word_1_129' title='bbox 1182 2683 1302 2800; x_wconf 77' lang='lat' dir='ltr'>regui</span> <span class='ocrx_word' id='word_1_130' title='bbox 1316 2690 1415 2804; x_wconf 87' lang='lat' dir='ltr'>ejus.</span> 
     </span>
    </p>
   </div>
   <div class='ocr_carea' id='block_1_5' title="bbox 48 2850 1739 4182">
    <p class='ocr_par' dir='ltr' id='par_1_6' title="bbox 48 2850 1739 4182">
     <span class='ocr_line' id='line_1_19' title="bbox 215 2850 1494 2992; baseline 0.004 -66"><span class='ocrx_word' id='word_1_131' title='bbox 215 2863 321 2992; x_wconf 79' lang='lat' dir='ltr'>Ego</span> <span class='ocrx_word' id='word_1_132' title='bbox 333 2851 582 2927; x_wconf 74' lang='lat' dir='ltr'>theutbertus</span> <span class='ocrx_word' id='word_1_133' title='bbox 595 2876 683 2927; x_wconf 90' lang='lat' dir='ltr'>cum</span> <span class='ocrx_word' id='word_1_134' title='bbox 697 2852 854 2950; x_wconf 88' lang='lat' dir='ltr'>conjuge</span> <span class='ocrx_word' id='word_1_135' title='bbox 868 2874 954 2930; x_wconf 86' lang='lat' dir='ltr'>mea</span> <span class='ocrx_word' id='word_1_136' title='bbox 977 2851 1169 2954; x_wconf 86' lang='lat' dir='ltr'>Juncfrida</span> <span class='ocrx_word' id='word_1_137' title='bbox 1182 2850 1414 2930; x_wconf 84' lang='lat' dir='ltr'>vendidimus</span> <span class='ocrx_word' id='word_1_138' title='bbox 1427 2853 1494 2930; x_wconf 90' lang='lat' dir='ltr'>do·</span> 
     </span>
     <span class='ocr_line' id='line_1_20' title="bbox 298 2950 1493 3060; baseline 0.004 -34"><span class='ocrx_word' id='word_1_139' title='bbox 298 2951 401 3026; x_wconf 88' lang='lat' dir='ltr'>mino</span> <span class='ocrx_word' id='word_1_140' title='bbox 416 2950 618 3025; x_wconf 82' lang='lat' dir='ltr'>venerabili</span> <span class='ocrx_word' id='word_1_141' title='bbox 643 2951 771 3026; x_wconf 88' lang='lat' dir='ltr'>abbati</span> <span class='ocrx_word' id='word_1_142' title='bbox 796 2955 1040 3043; x_wconf 80' lang='lat' dir='ltr'>Gundelandp</span> <span class='ocrx_word' id='word_1_143' title='bbox 1061 2975 1140 3026; x_wconf 88' lang='lat' dir='ltr'>rem</span> <span class='ocrx_word' id='word_1_144' title='bbox 1162 2951 1322 3030; x_wconf 81' lang='lat' dir='ltr'>nostram</span> <span class='ocrx_word' id='word_1_145' title='bbox 1341 2953 1493 3060; x_wconf 77' lang='lat' dir='ltr'>inpage</span> 
     </span>
     <span class='ocr_line' id='line_1_21' title="bbox 217 3048 1492 3156; baseline 0.008 -29"><span class='ocrx_word' id='word_1_146' title='bbox 217 3051 375 3156; x_wconf 75' lang='lat' dir='ltr'>Rinenst,</span> <span class='ocrx_word' id='word_1_147' title='bbox 401 3048 441 3125; x_wconf 93' lang='lat' dir='ltr'>in</span> <span class='ocrx_word' id='word_1_148' title='bbox 454 3049 536 3124; x_wconf 90' lang='lat' dir='ltr'>loco</span> <span class='ocrx_word' id='word_1_149' title='bbox 552 3065 764 3150; x_wconf 89' lang='lat' dir='ltr'>nuncupato</span> <span class='ocrx_word' id='word_1_150' title='bbox 776 3051 1010 3156; x_wconf 79' lang='lat' dir='ltr'>Bafinslreim,</span> <span class='ocrx_word' id='word_1_151' title='bbox 1024 3051 1206 3152; x_wconf 92' lang='lat' dir='ltr'>quidquid</span> <span class='ocrx_word' id='word_1_152' title='bbox 1219 3053 1312 3130; x_wconf 90' lang='lat' dir='ltr'>mihi</span> <span class='ocrx_word' id='word_1_153' title='bbox 1326 3055 1371 3130; x_wconf 89' lang='lat' dir='ltr'>de</span> <span class='ocrx_word' id='word_1_154' title='bbox 1386 3051 1492 3156; x_wconf 87' lang='lat' dir='ltr'>par&#39;te</span> 
     </span>
     <span class='ocr_line' id='line_1_22' title="bbox 216 3150 1492 3360; baseline -0.002 -24"><span class='ocrx_word' id='word_1_155' title='bbox 216 3151 497 3336; x_wconf 67' lang='lat' dir='ltr'>neuter</span> <span class='ocrx_word' id='word_1_156' title='bbox 511 3150 1492 3360; x_wconf 54' lang='lat' dir='ltr'>uterneetlrtevuuettutl·</span> 
     </span>
     <span class='ocr_line' id='line_1_23' title="bbox 288 3308 1490 3350; baseline 0.002 -3"><span class='ocrx_word' id='word_1_157' title='bbox 288 3309 301 3347; x_wconf 74' lang='lat'>9</span> <span class='ocrx_word' id='word_1_158' title='bbox 485 3308 497 3344; x_wconf 70' lang='lat'>5</span> <span class='ocrx_word' id='word_1_159' title='bbox 777 3311 789 3346; x_wconf 72' lang='lat'><em>2</em></span> <span class='ocrx_word' id='word_1_160' title='bbox 970 3314 982 3349; x_wconf 59' lang='grc' dir='ltr'><strong><em>ἲ</em></strong></span> <span class='ocrx_word' id='word_1_161' title='bbox 1139 3312 1150 3349; x_wconf 73' lang='lat'><em>2</em></span> <span class='ocrx_word' id='word_1_162' title='bbox 1334 3313 1345 3349; x_wconf 72' lang='lat'><em>2</em></span> <span class='ocrx_word' id='word_1_163' title='bbox 1477 3313 1490 3350; x_wconf 63' lang='grc' dir='ltr'><strong><em>ἲ</em></strong></span> 
     </span>
     <span class='ocr_line' id='line_1_24' title="bbox 218 3357 1491 3456; baseline -0.002 -18"><span class='ocrx_word' id='word_1_164' title='bbox 218 3357 333 3438; x_wconf 84' lang='lat' dir='ltr'>cultis</span> <span class='ocrx_word' id='word_1_165' title='bbox 348 3357 388 3438; x_wconf 80' lang='lat' dir='ltr'>dt</span> <span class='ocrx_word' id='word_1_166' title='bbox 402 3357 576 3446; x_wconf 85' lang='lat' dir='ltr'>incultis,</span> <span class='ocrx_word' id='word_1_167' title='bbox 602 3357 736 3455; x_wconf 87' lang='lat' dir='ltr'>aquis,</span> <span class='ocrx_word' id='word_1_168' title='bbox 763 3381 993 3456; x_wconf 83' lang='lat' dir='ltr'>aquarumve</span> <span class='ocrx_word' id='word_1_169' title='bbox 1007 3359 1235 3450; x_wconf 78' lang='lat' dir='ltr'>decufibus,</span> <span class='ocrx_word' id='word_1_170' title='bbox 1260 3374 1381 3438; x_wconf 89' lang='lat' dir='ltr'>totum</span> <span class='ocrx_word' id='word_1_171' title='bbox 1396 3360 1491 3438; x_wconf 85' lang='lat' dir='ltr'>&amp;ad</span> 
     </span>
     <span class='ocr_line' id='line_1_25' title="bbox 213 3447 1492 3564; baseline 0 -26"><span class='ocrx_word' id='word_1_172' title='bbox 213 3461 407 3560; x_wconf 86' lang='lat' dir='ltr'>integrum</span> <span class='ocrx_word' id='word_1_173' title='bbox 428 3461 561 3550; x_wconf 83' lang='lat' dir='ltr'>trado,</span> <span class='ocrx_word' id='word_1_174' title='bbox 587 3475 701 3559; x_wconf 84' lang='lat' dir='ltr'>atque</span> <span class='ocrx_word' id='word_1_175' title='bbox 734 3462 950 3540; x_wconf 85' lang='lat' dir='ltr'>transfundo</span> <span class='ocrx_word' id='word_1_176' title='bbox 974 3463 1234 3564; x_wconf 84' lang='lat' dir='ltr'>perpetualiter</span> <span class='ocrx_word' id='word_1_177' title='bbox 1256 3447 1305 3538; x_wconf 73' lang='lat' dir='ltr'>rid</span> <span class='ocrx_word' id='word_1_178' title='bbox 1317 3462 1492 3561; x_wconf 89' lang='lat' dir='ltr'>poffiden·</span> 
     </span>
     <span class='ocr_line' id='line_1_26' title="bbox 75 3561 1490 3664; baseline 0.003 -28"><span class='ocrx_word' id='word_1_179' title='bbox 75 3629 80 3636; x_wconf 87' lang='lat'><strong>.</strong></span> <span class='ocrx_word' id='word_1_180' title='bbox 213 3563 328 3652; x_wconf 82' lang='lat' dir='ltr'>dum,</span> <span class='ocrx_word' id='word_1_181' title='bbox 354 3561 392 3640; x_wconf 77' lang='lat' dir='ltr'>u</span> <span class='ocrx_word' id='word_1_182' title='bbox 408 3563 534 3663; x_wconf 80' lang='lat' dir='ltr'>accepi</span> <span class='ocrx_word' id='word_1_183' title='bbox 548 3587 573 3640; x_wconf 88' lang='lat' dir='ltr'>a</span> <span class='ocrx_word' id='word_1_184' title='bbox 586 3563 694 3641; x_wconf 87' lang='lat' dir='ltr'>vobis</span> <span class='ocrx_word' id='word_1_185' title='bbox 706 3562 894 3664; x_wconf 88' lang='lat' dir='ltr'>pretium,</span> <span class='ocrx_word' id='word_1_186' title='bbox 914 3562 1025 3659; x_wconf 85' lang='lat' dir='ltr'>juxta</span> <span class='ocrx_word' id='word_1_187' title='bbox 1038 3566 1137 3662; x_wconf 91' lang='lat' dir='ltr'>quod</span> <span class='ocrx_word' id='word_1_188' title='bbox 1151 3563 1256 3638; x_wconf 90' lang='lat' dir='ltr'>nobis</span> <span class='ocrx_word' id='word_1_189' title='bbox 1281 3564 1420 3659; x_wconf 84' lang='lat' dir='ltr'>placuit</span> <span class='ocrx_word' id='word_1_190' title='bbox 1432 3575 1490 3640; x_wconf 83' lang='lat' dir='ltr'>at·</span> 
     </span>
     <span class='ocr_line' id='line_1_27' title="bbox 216 3659 1587 3762; baseline 0.001 -23"><span class='ocrx_word' id='word_1_191' title='bbox 216 3684 290 3760; x_wconf 90' lang='lat' dir='ltr'>que</span> <span class='ocrx_word' id='word_1_192' title='bbox 305 3663 530 3761; x_wconf 83' lang='lat' dir='ltr'>aptificavit,</span> <span class='ocrx_word' id='word_1_193' title='bbox 555 3663 626 3740; x_wconf 91' lang='lat' dir='ltr'>hoc</span> <span class='ocrx_word' id='word_1_194' title='bbox 639 3665 710 3755; x_wconf 87' lang='lat' dir='ltr'>est,</span> <span class='ocrx_word' id='word_1_195' title='bbox 736 3664 1006 3762; x_wconf 82' lang='lat' dir='ltr'>argenti-libras</span> <span class='ocrx_word' id='word_1_196' title='bbox 1016 3661 1066 3760; x_wconf 89' lang='lat' dir='ltr'>jj,</span> <span class='ocrx_word' id='word_1_197' title='bbox 1091 3661 1130 3739; x_wconf 84' lang='lat' dir='ltr'>dt</span> <span class='ocrx_word' id='word_1_198' title='bbox 1145 3663 1271 3738; x_wconf 87' lang='lat' dir='ltr'>uncias</span> <span class='ocrx_word' id='word_1_199' title='bbox 1286 3659 1316 3758; x_wconf 91' lang='lat' dir='ltr'>jj</span> <span class='ocrx_word' id='word_1_200' title='bbox 1342 3675 1490 3741; x_wconf 83' lang='lat' dir='ltr'>tanturn</span> <span class='ocrx_word' id='word_1_201' title='bbox 1584 3747 1587 3754; x_wconf 67' lang='grc'>,</span> 
     </span>
     <span class='ocr_line' id='line_1_28' title="bbox 215 3763 1739 3864; baseline -0.001 -23"><span class='ocrx_word' id='word_1_202' title='bbox 215 3763 298 3852; x_wconf 85' lang='lat' dir='ltr'>ita,</span> <span class='ocrx_word' id='word_1_203' title='bbox 324 3777 367 3842; x_wconf 93' lang='lat' dir='ltr'>ut</span> <span class='ocrx_word' id='word_1_204' title='bbox 381 3765 428 3842; x_wconf 86' lang='lat' dir='ltr'>ab</span> <span class='ocrx_word' id='word_1_205' title='bbox 445 3764 516 3841; x_wconf 86' lang='lat' dir='ltr'>hac</span> <span class='ocrx_word' id='word_1_206' title='bbox 529 3765 615 3857; x_wconf 91' lang='lat' dir='ltr'>die,</span> <span class='ocrx_word' id='word_1_207' title='bbox 640 3764 685 3848; x_wconf 64' lang='lat' dir='ltr'>dd</span> <span class='ocrx_word' id='word_1_208' title='bbox 706 3777 818 3844; x_wconf 70' lang='lat' dir='ltr'>ratem</span> <span class='ocrx_word' id='word_1_209' title='bbox 831 3769 946 3841; x_wconf 78' lang='lat' dir='ltr'>omniu</span> <span class='ocrx_word' id='word_1_210' title='bbox 966 3817 978 3852; x_wconf 90' lang='lat'>,</span> <span class='ocrx_word' id='word_1_211' title='bbox 1003 3763 1177 3864; x_wconf 70' lang='lat' dir='ltr'>utsupra</span> <span class='ocrx_word' id='word_1_212' title='bbox 1198 3786 1326 3861; x_wconf 80' lang='lat' dir='ltr'>usque:</span> <span class='ocrx_word' id='word_1_213' title='bbox 1352 3763 1491 3844; x_wconf 78' lang='lat' dir='ltr'>Atium</span> <span class='ocrx_word' id='word_1_214' title='bbox 1733 3829 1739 3840; x_wconf 92' lang='lat'><em>.</em></span> 
     </span>
     <span class='ocr_line' id='line_1_29' title="bbox 215 3863 1666 3971; baseline 0.003 -27"><span class='ocrx_word' id='word_1_215' title='bbox 215 3863 258 3944; x_wconf 89' lang='lat' dir='ltr'>in</span> <span class='ocrx_word' id='word_1_216' title='bbox 272 3864 488 3942; x_wconf 82' lang='lat' dir='ltr'>monasterio</span> <span class='ocrx_word' id='word_1_217' title='bbox 513 3867 727 3945; x_wconf 72' lang='lat' dir='ltr'>lauresham</span> <span class='ocrx_word' id='word_1_218' title='bbox 740 3868 888 3971; x_wconf 88' lang='lat' dir='ltr'>publice</span> <span class='ocrx_word' id='word_1_219' title='bbox 914 3866 979 3944; x_wconf 91' lang='lat' dir='ltr'>sub</span> <span class='ocrx_word' id='word_1_220' title='bbox 1004 3867 1062 3944; x_wconf 89' lang='lat' dir='ltr'>die</span> <span class='ocrx_word' id='word_1_221' title='bbox 1087 3867 1176 3947; x_wconf 89' lang='lat' dir='ltr'>Vlll</span> <span class='ocrx_word' id='word_1_222' title='bbox 1200 3865 1381 3944; x_wconf 82' lang='lat' dir='ltr'>kalendas</span> <span class='ocrx_word' id='word_1_223' title='bbox 1405 3865 1490 3948; x_wconf 84' lang='lat' dir='ltr'>Au·</span> <span class='ocrx_word' id='word_1_224' title='bbox 1532 3895 1586 3970; x_wconf 76' lang='lat'>25.</span> <span class='ocrx_word' id='word_1_225' title='bbox 1600 3879 1666 3964; x_wconf 63' lang='lat' dir='ltr'>Jul</span> 
     </span>
     <span class='ocr_line' id='line_1_30' title="bbox 48 3964 1489 4076; baseline 0.006 -31"><span class='ocrx_word' id='word_1_226' title='bbox 48 4067 58 4074; x_wconf 31' lang='lat'><strong>·</strong></span> <span class='ocrx_word' id='word_1_227' title='bbox 212 3966 321 4065; x_wconf 64' lang='lat' dir='ltr'>gauri.</span> <span class='ocrx_word' id='word_1_228' title='bbox 372 3964 530 4064; x_wconf 86' lang='lat' dir='ltr'>Signum</span> <span class='ocrx_word' id='word_1_229' title='bbox 547 3969 751 4061; x_wconf 86' lang='lat' dir='ltr'>Dietberti,</span> <span class='ocrx_word' id='word_1_230' title='bbox 777 3973 840 4073; x_wconf 93' lang='lat' dir='ltr'>qui</span> <span class='ocrx_word' id='word_1_231' title='bbox 864 3973 961 4050; x_wconf 83' lang='lat' dir='ltr'>hanc</span> <span class='ocrx_word' id='word_1_232' title='bbox 993 3970 1245 4064; x_wconf 83' lang='lat' dir='ltr'>venditionem</span> <span class='ocrx_word' id='word_1_233' title='bbox 1265 3967 1365 4048; x_wconf 81' lang='lat' dir='ltr'>fecit.</span> <span class='ocrx_word' id='word_1_234' title='bbox 1405 3971 1489 4076; x_wconf 83' lang='lat' dir='ltr'>Ego</span> 
     </span>
     <span class='ocr_line' id='line_1_31' title="bbox 211 4069 1184 4182; baseline -0.01 -20"><span class='ocrx_word' id='word_1_235' title='bbox 211 4069 501 4176; x_wconf 72' lang='lat' dir='ltr'>Rutvignuius</span> <span class='ocrx_word' id='word_1_236' title='bbox 510 4084 666 4176; x_wconf 72' lang='lat' dir='ltr'>rogatus</span> <span class='ocrx_word' id='word_1_237' title='bbox 679 4075 799 4182; x_wconf 79' lang='lat' dir='ltr'>scripti</span> <span class='ocrx_word' id='word_1_238' title='bbox 810 4076 909 4154; x_wconf 84' lang='lat' dir='ltr'>hanc</span> <span class='ocrx_word' id='word_1_239' title='bbox 925 4073 1184 4158; x_wconf 83' lang='lat' dir='ltr'>venditionem.</span> 
     </span>
    </p>
   </div>
   <div class='ocr_carea' id='block_1_6' title="bbox 690 4183 1429 4313">
    <p class='ocr_par' dir='ltr' id='par_1_7' title="bbox 690 4183 1429 4313">
     <span class='ocr_line' id='line_1_32' title="bbox 690 4183 1429 4313; baseline -0.008 -24"><span class='ocrx_word' id='word_1_240' title='bbox 690 4235 700 4302; x_wconf 73' lang='grc' dir='ltr'><strong><em>ς</em></strong></span> <span class='ocrx_word' id='word_1_241' title='bbox 768 4193 919 4313; x_wconf 40' lang='grc'>’893</span> <span class='ocrx_word' id='word_1_242' title='bbox 1126 4183 1429 4286; x_wconf 68' lang='lat' dir='ltr'>tcifflssv.</span> 
     </span>
    </p>
   </div>
   <div class='ocr_carea' id='block_1_7' title="bbox 0 0 2004 5417">
    <p class='ocr_par' dir='ltr' id='par_1_8' title="bbox 0 0 2004 5417">
     <span class='ocr_line' id='line_1_33' title="bbox 0 0 2004 5417; baseline 0 4"><span class='ocrx_word' id='word_1_243' title='bbox 0 0 2004 5417; x_wconf 95' lang='lat' dir='ltr'> </span> 
     </span>
    </p>
   </div>
  </div>
 </body>
</html>
