4000 5417
506 372 1195 501 SunXIHurunrcolVine.
1328 521 1339 531 δ
1428 443 1500 516 203
1604 529 1611 538 Δ

229 740 484 836 repererunt,
502 719 653 830 quibus
671 713 1037 832 introspestiscum
1056 745 1190 804 vacua
1210 700 1499 920 degrehendis·

182 829 345 936 ient,
376 831 490 948 spem
505 858 676 915 omnem
694 829 900 945 fidemque
928 829 1211 945 perdiderunt.
1290 855 1411 914 erum
1429 831 1498 916 ab
1625 835 1629 844 '

229 949 304 1030 bas
323 947 526 1032 obstinato
547 945 589 1027 in
617 943 758 1029 Deum
777 947 937 1046 animo,
967 943 1013 1030 ὅ(
1030 945 1073 1028 in
1089 938 1203 1059 spem
1222 937 1407 1028 contras
1453 970 1497 1029 m

229 1059 426 1158 credenS,
445 1056 541 1142 dum
572 1057 791 1253 imjrensrus
819 1057 993 1144 iniistere
1018 1055 1064 1143 ὃ(
1083 1078 1274 1172 coeptum
1306 1082 1382 1171 per
1398 1058 1496 1169 equi

226 1172 370 1283 jubet,
399 1167 508 1258 Otto
545 1173 617 1282 qui
647 1197 715 1254 am
758 1167 908 1254 nobilis
935 1190 1030 1254 tum
1055 1169 1325 1271 ambiremus,
1355 1196 1497 1284 repen·

228 1287 318 1368 tino
346 1279 462 1369 velut
491 1284 664 1368 concavi
700 1277 835 1367 sonitu
860 1281 1049 1367 divinum
1078 1283 1178 1395 quid
1194 1286 1334 1368 animo
1362 1285 1497 1367 nonci-

228 1398 368 1508 piens,
397 1397 563 1480 enixius
588 1395 758 1496 institit,
785 1421 861 1478 nec
886 1389 1021 1480 multo
1050 1396 1138 1508 post
1162 1398 1352 1482 tumbam
1373 1422 1496 1502 ‘mar-

229 1535 417 1592 moream
443 1506 647 1622 magnifici
677 1505 859 1608 decoriS‚
879 1502 1016 1620 figillis
1032 1535 1080 1590 ac
1101 1508 1229 1592 nodis
1246 1506 1392 1595 ferreis
1428 1537 1495 1594 ar·

229 1623 316 1705 tius
341 1623 424 1705 obfi
453 1643 625 1720 natam,
652 1641 817 1704 remoto
847 1618 1136 1732 circumposno
1165 1617 1349 1732 lapidum
1375 1647 1496 1734 agge·

228 1731 314 1834 stu,
339 1647 568 1846 expiicuit,
598 1759 679 1844 qua
699 1727 876 1816 reserata
902 1733 1072 1816 inventa
1091 1730 1148 1814 est
1163 1729 1286 1816 archa
1329 1729 1496 1817 lumbea

229 1843 404 1929 fideliter
438 1843 593 1928 ibidem
621 1839 799 1945 inserta,
845 1846 1063 1931 continens
1095 1759 1422 1927 inaestimaiilem
1449 1841 1523 1934 δι,

229 1951 392 2069 semper
408 1953 637 2070 optabilem
659 1953 926 2056 thesaurum,
956 1979 1107 2067 corpus
1134 1949 1328 2056 videlieet
1345 1955 1496 2039 beatis·

228 2065 319 2150 suni
353 2071 551 2180 martyris
568 2113 591 2169 ‚¹
608 2071 739 2182 patris
758 2095 806 2150 ac
835 2067 998 2180 patroni
1025 2065 1153 2152 nostri
1176 2063 1377 2166 nazarii,
1435 2093 1497 2150 re·

228 2179 435 2290 tiufiffimo
474 2177 711 2265 involutum
739 2174 899 2279 serico,
928 2178 1129 2261 membris
1155 2179 1280 2264 niveo
1315 2093 1495 2263 canfore

226 2285 455 2403 conspicuis
465 2303 483 2391 ,'
500 2293 588 2401 jam
601 2292 738 2377 beatae
764 2286 1072 2382 resurreffionis
1097 2286 1274 2402 gloriam
1308 2289 1495 2402 quodam

227 2401 355 2486 modo
371 2401 710 2517 praeferentibus,
735 2399 1040 2514 vulnerumque
1054 2399 1198 2505 iocis,
1228 2429 1325 2515 quae
1341 2405 1385 2488 in
1401 2420 1495 2516 pas‘·
1595 2464 1598 2471 -

226 2513 334 2600 fiune
345 2517 386 2598 in
395 2512 530 2601 absciii
549 2520 695 2631 capitis
716 2518 873 2602 vertice
885 2513 1144 2627 humeroque
1162 2535 1401 2628 acceperat,
1419 2515 1493 2599 tri-

225 2624 440 2759 umphales
457 2633 653 2740 martyris
671 2625 817 2715 titulos
834 2627 1166 2744 protestantibus,
1194 2624 1488 2714 exhalantibus

227 2737 389 2850 insuper
397 2735 515 2823 velut
533 2767 590 2822 ex
609 2741 780 2852 paradisi
797 2739 955 2826 deliciis
972 2742 1162 2826 omnium
1179 2763 1417 2827 aromatum
1433 2742 1492 2825 in·
1634 2795 1638 2801 -

229 2843 1491 3042 comparabilemssafirantiammenequidincordibusintuen·

177 2991 178 2994 ‘
225 2956 617 3048 'tiumrefideretam
646 2961 744 3072 igui,
762 2956 1284 3079 imninaplumbeapeiiori
1292 2967 1491 3077 martyris

229 3105 253 3159 a
283 3072 410 3188 pnfita
425 3066 508 3158 tale
528 3072 765 3156 continebat
780 3069 898 3159 inseri
927 3097 1021 3162 turn
1045 3104 1056 3159 t
1082 3070 1254 3166 Sanii'us
1278 3075 1492 3165 Nazeriur

56 3192 65 3205 ‘
190 3231 198 3246 ·
276 3180 601 3298 ediolanipnfflu.
658 3181 839 3301 Cujusp
893 3190 1000 3272 lonis
1026 3186 1111 3275 five
1135 3188 1403 3279 revelationis
1431 3186 1490 3272 lo-

228 3309 336 3401 cum,
359 3297 585 3410 tempus&
606 3291 823 3398 ordinem,
851 3298 881 3382 fi
906 3303 1003 3412 quis
1048 3299 1181 3388 lenius
1208 3300 1317 3388 noiie
1336 3298 1488 3387 defide-

229 3433 325 3512 rat,
355 3439 412 3496 ex
439 3409 619 3494 armario
647 3406 975 3494 Laureshamme
1043 3475 1054 3514 ‚
1083 3407 1369 3528 abupostolica
1393 3406 1489 3497 {ede

230 3526 459 3634 antiquitus
477 3518 547 3605 illo
555 3517 722 3621 direiia,
732 3525 915 3605 mutuari
932 3528 1098 3635 poterit.
1155 3525 1332 3612 Invento
1347 3529 1488 3634 itaque

228 3655 319 3720 tam
343 3636 518 3736 obtato,
545 3634 741 3748 votisque
778 3633 971 3720 omnibus
991 3662 1041 3718 ac
1068 3631 1246 3836 sursfiffis
1262 3633 1488 3749 efflagitatu
1622 3691 1625 3696 -

230 3741 480 3856 sacrutiffimi
508 3749 695 3862 corporis
725 3739 946 3850 thesauro,
979 3750 1106 3835 ninive
1144 3771 1267 3833 orum
1292 3743 1489 3862 laerymae

232 3861 455 3945 vertuntur
484 3861 526 3942 in
556 3859 733 3973 gaudia,
760 3862 892 3945 immo
937 3859 1061 3946 audia
1087 3857 1348 3949 'resolvuntur
1363 3867 1406 3948 in
1434 3859 1489 3947 la·

233 3995 420 4086 crymas,
450 3976 683 4066 eommunis
702 3977 936 4190 omniuma
973 3976 1068 4066 titia
1090 3973 1320 4096 tripudium
1328 3976 1503 4180 u{emens
