4000 5417
407 411 513 489 Suc.
540 406 613 485 lx.
640 406 901 486 Lunovroo
924 408 1089 486 Gaura.
1116 432 1250 489 anca
1395 420 1444 513 dp

184 571 1450 605 aqam—-

713 626 1449 647 ——un———n———n-——n

182 742 309 836 porcos
323 746 369 809 n,
381 719 420 795 dt
437 714 577 811 nullam
594 714 705 811 aliam
720 712 922 787 utilitatem
938 710 1011 787 srve
1025 716 1073 789 ad
1085 714 1449 815 exstirpandum,five
1549 770 1556 783 ·

182 844 217 895 m
241 810 372 897 cesura
397 818 500 917 ligni.
551 812 810 913 Unusquisque
827 811 1051 918 'autem'de
1071 816 1184 893 servis
1208 818 1292 916 ipsis
1318 818 1449 898 desua

181 918 283 999 huba
295 916 408 999 ‘debet
423 917 568 996 mittere
585 919 622 1020 'm
640 916 780 1015 sylvam
792 940 924 1019 porcos
943 942 978 1014 a.
1033 920 1128 997 Haec
1143 921 1269 995 omnia
1285 919 1448 1021 superius

179 1017 792 1124 ‘effipl‘eliiidlaii'ri'e‘a'ratione'ad
814 1014 975 1096 laniimn
996 1018 1065 1096 Dei
1087 1035 1293 1119 martyrem
1327 1022 1448 1121 Naza-

180 1127 280 1203 rium
296 1129 426 1214 trado,
451 1123 625 1224 quatinus
649 1122 719 1196 has
733 1120 881 1195 easdem
901 1142 959 1195 res
985 1123 1033 1197 ad
1047 1123 1128 1200 dies
1148 1124 1237 1201 vitae
1260 1148 1355 1203 meae
1379 1126 1447 1201 ha·

181 1228 309 1317 boam,
336 1228 374 1305 dt
390 1225 566 1326 quicquid
581 1224 630 1299 ad
643 1222 839 1321 praefatum
858 1220 1114 1301 monasterium
1139 1229 1299 1325 pertinet
1314 1227 1351 1302 in
1366 1228 1447 1302 loco

184 1332 243 1405 vel
258 1331 367 1418 villa,
393 1350 476 1427 quae
491 1327 626 1403 dicitur
652 1324 841 1411 Gaaaida,
864 1338 942 1399 tam
957 1326 1003 1401 de
1017 1326 1178 1425 quaesitis
1202 1352 1314 1427 quam
1330 1330 1376 1404 de
1392 1326 1448 1404 in·

185 1431 359 1528 quaesitis,
377 1430 437 1507 seu
452 1430 490 1505 in
499 1428 778 1527 quibuscunque
792 1426 927 1503 ibidem
949 1428 1038 1505 locis
1051 1445 1118 1507 aut
1133 1431 1240 1507 terris
1251 1430 1448 1507 consistant

184 1554 242 1607 res
261 1534 404 1632 praelati
418 1531 595 1627 martyris
610 1527 761 1615 Christi,
788 1549 872 1625 quae
885 1528 1061 1607 haltenus
1081 1530 1278 1611 servierunt
1289 1534 1447 1633 praefato
1464 1559 1472 1571 ·

184 1634 418 1721 monasterio,
443 1634 489 1708 de
505 1630 624 1709 vineis
645 1652 789 1729 quoque
804 1632 851 1705 ad
872 1634 1044 1707 carradas
1058 1650 1225 1731 quatuor.
1275 1626 1447 1735 Spondeo

159 1757 330 1833 quoque
356 1733 612 1834 memetipsum
633 1733 672 1807 in
704 1730 850 1806 censum
871 1733 978 1807 annis
1010 1732 1160 1829 singulis
1191 1736 1230 1809 in
1254 1735 1449 1811 festivitate

182 1836 297 1913 fandi
321 1837 474 1912 Martini
488 1836 586 1910 coria
597 1833 733 1911 bovina
756 1832 806 1907 ad
820 1856 911 1931 opus
936 1833 1096 1909 fratrum
1111 1835 1350 1931 quadraginta
1370 1859 1450 1934 per·

181 1938 336 2013 solvere.
388 1938 483 2013 Haec
497 1937 640 2023 onmia,
666 1949 709 2010 ut
722 1935 904 2023 diximus,
931 1933 994 2010 sub
1007 1935 1219 2031 integritate
1233 1958 1319 2011 cum
1332 1937 1452 2011 omni-

183 2039 256 2115 bus
278 2038 496 2138 appenditiis
521 2037 560 2115 δι
581 2037 749 2127 terminis
774 2036 846 2112 suis
859 2034 898 2112 δι
914 2060 1001 2111 curn
1022 2036 1194 2113 omnibus
1215 2037 1262 2113 ad
1287 2036 1324 2113 fe
1342 2038 1453 2139 perti·

178 2140 383 2227 uentibus,
409 2142 499 2215 item
512 2138 683 2227 basilica,
709 2138 899 2225 domibus,
927 2137 1144 2236 caeterisque
1167 2139 1356 2225 aediliciis,
1382 2153 1454 2214 ter·

179 2243 249 2331 tls,
275 2242 404 2342 pratis,
419 2242 577 2339 campis,
602 2240 726 2337 sylvis,
741 2238 901 2338 pascuis,
928 2240 1055 2339 aquis,
1081 2262 1309 2337 aquarumve
1322 2241 1453 2315 decur-

179 2342 301 2431 fibus,
326 2336 437 2418 cultis
451 2341 592 2419 locis&
606 2341 774 2428 incutis,
801 2340 999 2417 mobilibus
1014 2341 1123 2417 rebus
1137 2340 1454 2419 &immobilibus

156 2446 224 2520 'ac
238 2444 380 2543 seipsas
400 2444 634 2520 moventibus
655 2498 666 2532 ,
695 2443 754 2518 vel
770 2442 945 2539 quicquid
971 2443 1200 2519 denominari
1219 2444 1360 2545 potest,
1386 2458 1453 2521 aut

179 2570 255 2623 non
282 2544 420 2645 potest,
445 2546 637 2644 mancipiis
677 2542 806 2619 diversi
829 2542 939 2621 sexus
959 2542 998 2622 dr
1024 2545 1147 2622 aetatis
1168 2568 1330 2621 numero
1347 2543 1449 2643 rxjjjj

176 2648 262 2725 haec
287 2670 374 2724 vero
399 2648 523 2723 omnia
541 2648 700 2747 superius
725 2646 966 2724 denominata
986 2670 1011 2721 a
1025 2647 1086 2723 die
1107 2648 1284 2747 praesente
1309 2646 1450 2745 dejure

176 2774 266 2827 meo
281 2750 323 2823 in
333 2746 394 2843 jus
408 2747 447 2823 δι
470 2749 672 2823 dominium
687 2748 798 2824 sanni
816 2749 966 2827 Nazarii
981 2750 1235 2850 restoru‘mque
1248 2750 1357 2851 ipfius
1371 2774 1450 2825 mo-

177 2848 334 2927 nasterii
350 2848 463 2931 dono,
488 2848 611 2935 trado,
636 2861 747 2941 atque
769 2850 987 2925 transfundo
1009 2852 1050 2927 in
1073 2850 1143 2927 Dei
1164 2853 1313 2927 nomine
1326 2874 1452 2952 perpe·

176 2950 338 3029 tualiter
356 2946 622 3047 poffidendum,
638 2969 682 3021 ea
696 2948 866 3025 uidelicet
886 2952 1027 3029 ratione
1051 2953 1288 3030 donationem
1309 2976 1449 3029 memo·

178 3069 310 3131 ratam
343 3066 454 3149 atque
475 3048 712 3125 traditionem
732 3049 894 3140 faciens,
919 3066 962 3128 ut
976 3055 1157 3151 quamdiu
1178 3056 1301 3132 inhac
1315 3071 1452 3133 morta·

177 3154 289 3233 litate
302 3153 427 3229 divina
448 3148 601 3247 juffione
616 3149 761 3239 vixero,
776 3152 934 3229 habeam
952 3156 1144 3255 praedictas
1157 3179 1216 3232 res
1231 3158 1271 3233 in
1290 3180 1374 3232 mea
1387 3181 1452 3256 po-

177 3254 364 3335 testate&
379 3252 441 3330 sub
459 3274 547 3327 mea
572 3249 824 3343 ordinatione,
850 3256 988 3354 absque
1005 3258 1118 3333 ullius
1132 3258 1294 3358 personae
1308 3273 1376 3334 aut
1388 3282 1454 3357 po-

178 3359 324 3439 testatis
339 3352 624 3437 contraditlione
648 3355 710 3429 vel
724 3354 1006 3455 impedimento,
1031 3371 1111 3434 tam
1125 3360 1237 3460 ipsam
1256 3359 1454 3438 haeredita·
1541 3420 1549 3431 .

178 3476 259 3540 tem
278 3484 303 3536 a
318 3482 380 3535 me
395 3452 600 3543 traditam,
628 3478 741 3553 quam
762 3457 894 3546 illam,
920 3480 1036 3557 quam
1056 3459 1103 3536 ab
1123 3462 1254 3535 eodem
1279 3460 1455 3535 monaste·
1567 3550 1572 3560 ¹

175 3566 234 3641 rio
250 3566 295 3640 in
308 3555 511 3663 precariam
528 3558 665 3657 accepi.
692 3557 774 3634 Post
788 3558 931 3633 obitum
946 3582 1036 3633 vero
1057 3582 1184 3635 meum
1198 3576 1363 3661 utraeque
1376 3583 1454 3635 me-

174 3678 342 3743 moratae
362 3665 526 3735 res'cum
552 3660 655 3735 omni
682 3660 894 3757 integritate
907 3660 953 3735 ad
977 3662 1289 3761 praenominatum
1303 3685 1452 3739 venera·

172 3770 258 3847 bile
278 3760 531 3839 monasterium
547 3762 687 3861 absque
703 3764 815 3841 ullius
841 3762 1125 3840 contradictione
1146 3765 1389 3865 recipiantur,
1415 3764 1454 3843 dt

174 3872 214 3947 'm
230 3866 318 3965 ejus
331 3863 505 3967 potestate
519 3877 629 3963 atque
644 3864 808 3942 dominio
832 3880 1100 3965 permaneant,
1125 3866 1303 3957 fratribus
1322 3867 1454 3969 specia-

174 3972 263 4054 liter
278 3967 650 4060 antunnacum,
676 3966 825 4051 &nulli
842 3989 1022 4149 ulmquam
1037 3970 1077 4049 in
1103 3970 1318 4053 beneficium
1324 3973 1450 4153 qipfitur,

900 4096 922 4168 3
1188 4127 1194 4135 ·
1276 4098 1324 4176 qu
