4000 5417
595 402 669 489 392
1028 383 1389 503 'salomom

596 690 796 789 Bergrlrrr'm
809 692 849 769 ἂ
863 692 902 769 in
925 692 1225 795 Harlsrulrerlm'm
1248 694 1361 769 aliam
1375 690 1529 767 vineam
1547 688 1594 767 &
1607 688 1677 787 jjjj
1711 692 1881 790 mancipia
1920 731 1926 794 ς

597 793 884 890 Reginsuindam
897 820 987 873 cum
1000 796 1077 873 fflio
1102 797 1321 876 Theotberto
1336 848 1347 885 ,
1373 793 1413 872 δι
1427 792 1709 869 Rursulndam
1735 818 1821 869 curn
1833 798 1884 867 fflir

598 894 664 971 sua
688 895 944 989 Adalsuinda,
971 922 1147 988 unacum
1163 900 1337 999 peculiari
1352 918 1504 984 earum,
1531 910 1684 971 totum
1702 921 1727 973 a
1740 897 1800 973 dle
1810 920 1881 997 pm-

600 997 692 1074 leoti
707 998 813 1075 trado
827 998 866 1077 in
891 1002 961 1077 Dei
977 1002 1126 1077 nornine
1139 1000 1396 1103 perpetualiter
1411 997 1462 1074 ad
1484 996 1780 1097 pollidendum.
1827 998 1880 1073 rlt·

600 1110 685 1177 tum
717 1102 755 1175 in
778 1102 996 1179 monasterio
1021 1104 1235 1179 lauresham
1256 1100 1489 1203 stipulatione
1510 1099 1709 1197 subnixa,
1724 1100 1794 1178 IIII
1814 1126 1877 1175 non

600 1200 760 1303 Aprilis,
786 1226 883 1279 anno
916 1204 1133 1285 XXXVIIII
1154 1207 1259 1303 regni
1290 1201 1430 1280 domini
1451 1199 1572 1278 nostri
1604 1203 1748 1280 Xaroli
1770 1204 1879 1300 glorio

601 1302 720 1381 srllnni
734 1306 975 1404 Imperatoris.
1012 1306 1169 1405 Slgnum
1194 1306 1420 1402 Weringeri‚
1445 1304 1513 1400 qui
1527 1304 1645 1382 hanc
1662 1307 1877 1385 deornm

600 1404 715 1498 feeit,
739 1406 883 1505 signum
908 1410 1137 1499 walamari,
1163 1410 1376 1506 Helmgeri,
1401 1404 1593 1485 Adalrici.
1765 1440 1770 1447 ·
1914 1481 1919 1594 ι

1126 1607 1422 1702 DCCXLVII·
1914 1663 1918 1832 Ι

881 1736 1064 1853 Βομαέὶο
1091 1738 1246 1830 Brtdar
1266 1736 1308 1825 in
1332 1734 1461 1825 eodem
1485 1735 1596 1826 vicu.

605 1906 744 2047 Anno
763 1903 867 1983 XLV
889 1907 994 2005 regni
1027 1905 1168 1982 domini
1191 1904 1327 1995 nostri,
1352 1904 1506 1979 honoris
1528 1903 1672 1995 seculi,
1701 1906 1870 2007 magni&

536 2010 541 2017 ’
695 2010 793 2087 beati
813 2008 966 2112 Karoli,
991 2007 1227 2105 gloriosissimi
1251 2008 1507 2107 imperatoris,
1533 2026 1606 2103 ego
1629 2010 1761 2089 Betda
1791 2013 1869 2085 dono
1914 2003 1918 2110 ζ

606 2134 674 2213 pro
688 2112 851 2187 remedio
865 2111 1001 2190 anImae
1016 2133 1112 2199 meae
1129 2112 1176 2187 ad
1193 2109 1355 2185 santium
1379 2108 1513 2184 Christi
1528 2124 1739 2207 martyrem
1762 2115 1868 2191 Nara·
1913 2121 1918 2198 ζ

605 2214 704 2290 rium
719 2212 790 2289 &a
812 2209 828 2307 j
844 2211 993 2291 vineam
1009 2214 1047 2289 in
1071 2212 1285 2307 Bergahrinn
1312 2223 1354 2286 ut
1366 2208 1538 2309 deinceps
1547 2212 1722 2311 proficiat
1735 2216 1776 2291 in
1791 2237 1868 2309 aug·
1915 2277 1918 2290 .

436 2336 441 2343 ·
607 2330 778 2394 mentum
793 2310 903 2414 iplius
925 2313 997 2391 loci
1012 2312 1242 2415 stipulatione
1258 2336 1280 2388 a
1296 2335 1356 2387 me
1370 2310 1530 2388 subnixa.
1579 2310 1720 2390 Attum
1735 2317 1777 2391 in
1797 2324 1869 2390 nro

426 2410 562 2501 ⁶·1N0v·
609 2418 763 2493 nasterio
789 2416 1004 2489 Laurcslram
1019 2414 1106 2493 Vlll
1121 2414 1204 2492 idus
1224 2414 1407 2493 Novemb.
1431 2414 1574 2511 SIgnum
1588 2416 1756 2502 Beddae,
1783 2438 1870 2510 qua
1914 2505 1919 2514 Ι

609 2514 722 2611 hujus
735 2514 943 2588 donationis
967 2516 1115 2592 kartam
1131 2515 1209 2592 fieri
1230 2516 1269 2593 δι
1284 2514 1424 2591 firmari
1435 2514 1583 2609 rogarit,
1608 2512 1756 2609 fignurn
1782 2516 1868 2610 Eg·
1915 2533 1923 2602 ζ

607 2614 739 2714 girici,
764 2612 997 2710 reginberti,
1023 2615 1238 2694 Eberuuini.
1292 2610 1650 2714 Altuuinurltripsrn

1091 2806 1408 2913 DCCXLVIII.

846 2932 1028 3046 Donata
1062 2952 1130 3045 W
1124 2954 1297 3044 altrudis
1325 2954 1368 3041 r'n
1397 2952 1524 3043 eodem
1541 2950 1642 3041 viro.

609 3128 712 3261 Ego
727 3117 765 3195 ln
791 3119 860 3196 Dei
873 3120 1023 3197 nomine
1051 3120 1214 3201 Waltrat
1228 3143 1294 3220 pro
1315 3122 1481 3198 remedio
1506 3122 1643 3201 animae
1666 3144 1761 3201 meae
1782 3122 1873 3199 dono

689 3222 738 3299 ad
754 3219 913 3298 sanetum
940 3220 1074 3299 Christi
1100 3237 1305 3320 martyrem
1321 3226 1367 3302 N.
1384 3224 1457 3301 διο.
1485 3224 1668 3323 quidquid
1691 3226 1812 3303 habeo
1834 3226 1873 3299 de

609 3338 708 3401 terra
723 3325 884 3402 aratruia
898 3324 938 3399 in
962 3323 1158 3419 Bergelrr‘m
1173 3326 1209 3400 in
1217 3324 1285 3403 Dei
1299 3327 1448 3403 nomine
1462 3330 1724 3427 perpetualiter
1736 3329 1784 3405 ad
1797 3348 1875 3427 poe·

611 3428 828 3510 fidendum,
853 3425 1082 3525 stipulatione
1109 3426 1274 3505 subnixa.
1326 3427 1465 3504 Altum
1487 3429 1525 3504 in
1542 3430 1764 3509 monasterio
1790 3430 1874 3506 Ior-

422 3528 580 3617 eslim
611 3529 746 3604 rosam
759 3529 845 3607 Vlll
870 3530 1049 3605 kalendas
1068 3526 1237 3632 Aprile,
1263 3555 1359 3607 anno
1379 3531 1451 3610 XV
1472 3532 1579 3629 regni
1606 3536 1804 3613 Ludowici
1818 3534 1874 3607 im·

608 3632 798 3733 peratoris.
851 3630 1017 3727 Signum·
1031 3631 1260 3721 Waltradae,
1286 3656 1369 3732 quae
1391 3632 1487 3709 hanc
1513 3634 1758 3716 donationem
1782 3636 1876 3720 fecit,

608 3732 754 3835 fignum
777 3730 961 3831 Bergan,
986 3729 1186 3822 Wolfoerti
1198 3786 1210 3826 ,
1235 3733 1383 3816 Berolfi.
1435 3734 1639 3819 Altwinus
1654 3740 1809 3859 loripsrt.

1539 4058 1833 4157 DCCXLIX
