4000 5417
505 483 562 539 ιη
589 479 715 539 erdo
738 462 1125 543 Lonontrrrnrtsr.
1400 432 1481 569 ‘4⁶¹7

213 769 300 845 bilis
315 769 410 847 abba
434 767 669 846 Helmericus
684 767 828 867 praeelle
843 769 1009 855 videtur,
1034 769 1284 868 donatumque
1297 770 1336 843 in
1355 791 1481 868 perpe-

213 878 322 948 tuum
344 871 412 946 effe
434 872 519 946 volo
540 871 581 944 in
609 867 885 966 Ulmiskeimjvj
907 868 1045 967 jurnal.
1060 873 1106 947 de
1121 886 1219 948 terra
1235 872 1416 959 aratoria,
1440 870 1483 948 dr
1699 948 1701 951 ,
1858 925 1865 930 -

73 1059 78 1070 ,
213 972 253 1049 in
276 969 604 1072 Hantsruieskeimj
632 972 808 1047 mansum
821 972 927 1047 trado
949 975 1217 1077 perpetualiter
1234 975 1294 1063 ad.
1306 972 1482 1072 polliden·
1603 969 1606 974 ’

215 1075 306 1149 dum
327 1075 555 1175 stipulatione
578 1073 745 1149 subnixa.
796 1069 933 1150 Atrum
947 1075 986 1150 in
1001 1075 1219 1152 monasterio
1243 1075 1481 1164 moniam,

214 1176 480 1278 perscriptaeque
512 1175 562 1252 est
582 1175 666 1252 haec
688 1187 792 1250 carta
814 1175 1026 1254 donationis
1047 1179 1112 1254 sub
1134 1179 1194 1254 die
1219 1178 1271 1256 VI
1302 1177 1482 1252 kalendas
1513 1199 1567 1270 aa„
1580 1172 1668 1248 Febr.

215 1279 361 1366 Memfi,
388 1301 486 1354 anno
499 1297 574 1374 quo
587 1277 704 1376 supra.
757 1275 913 1372 Signum
935 1281 1175 1376 Liutgardis,
1201 1303 1285 1378 quae
1300 1279 1397 1355 hanc
1416 1278 1482 1354 do-

213 1381 403 1456 nationem
429 1379 507 1456 fieri
532 1380 571 1457 dc
595 1378 736 1454 firmari
760 1381 935 1475 rogavit,
961 1381 1106 1480 fignum
1138 1381 1325 1480 Hugberti
1337 1433 1350 1472 ,
1382 1380 1483 1460 Frie-

214 1480 322 1573 cdli,
347 1481 580 1586 Hartbaldi
611 1481 695 1579 Ego
719 1479 1048 1586 Rudolfuslcripsr.

462 1747 464 1752 ,
737 1682 1042 1780 CCCCLXVI·
1117 1795 1120 1800 ,

368 1822 371 1830 ’
432 1851 434 1856 ’
483 1815 679 1909 -Donotio
710 1817 870 1929 Rudolfi
886 1821 928 1910 in
954 1818 1082 1906 rodem
1106 1816 1213 1908 oilla.
1264 1826 1267 1836 “

215 1991 320 2123 Item
335 2006 405 2080 ego
431 1985 619 2061 Rudolfus
642 1986 738 2062 dono
759 1985 797 2062 in
823 1985 893 2062 Dei
914 1985 1062 2063 nomine
1085 1979 1133 2061 ad
1165 1985 1326 2063 santium
1346 1999 1492 2086 marty·

268 2109 349 2162 rem
362 2085 494 2164 Christi
510 2087 555 2164 N.
573 2087 637 2182 qui
650 2087 843 2185 requiescit
869 2087 1074 2186 incorpore
1095 2088 1133 2161 in
1145 2111 1241 2192 pago
1267 2091 1433 2178 Rinenlr‚
1449 2083 1489 2166 in

217 2188 451 2276 monasterio,
469 2189 568 2286 quod
583 2205 740 2268 vocatur
753 2189 1005 2277 Lauresham,
1019 2187 1083 2265 ubi
1097 2188 1156 2264 vir
1169 2191 1490 2267 venerabilisHel·
1582 2215 1584 2219 ·
1684 2249 1690 2266 .

217 2291 379 2366 metiens
394 2290 491 2366 abba
504 2289 653 2389 praeelse
666 2291 835 2390 videtur,
862 2292 1114 2386 donatumque
1138 2291 1178 2367 in
1192 2307 1408 2392 perpetuum
1419 2290 1490 2367 elle

215 2393 303 2469 volo
319 2391 358 2466 in
374 2389 597 2466 Ulaimskrim
614 2390 661 2488 vjj
672 2391 810 2486 jurnal.
825 2393 872 2468 de
886 2405 985 2468 terra
999 2391 1165 2468 aratoria
1177 2393 1215 2470 dt
1224 2391 1269 2490 jjj
1282 2395 1327 2470 de
1340 2411 1491 2494 pratos
1541 2473 1547 2485 ,

213 2495 276 2582 ¹die
289 2493 464 2592 praesente
474 2491 690 2569 transfundo
705 2495 750 2569 de
759 2491 843 2590 jure
858 2517 944 2568 meo
952 2493 991 2567 in
1001 2490 1064 2587 jus
1078 2493 1338 2571 &dominium
1355 2495 1489 2571 S.Naz.

217 2595 283 2682 ita,
291 2608 334 2671 ut
347 2596 516 2694 deinceps
523 2595 571 2670 ad
586 2595 704 2694 ipsum
720 2595 882 2672 santium
897 2598 1022 2671 locum
1036 2597 1309 2696 omnitempore
1322 2596 1491 2696 proficiat

218 2697 260 2772 in
273 2698 482 2791 augmentis
496 2697 726 2794 stipulatione
735 2696 902 2776 subnixa.
957 2695 1095 2776 Altum
1108 2697 1147 2772 in
1162 2699 1378 2776 monasterio
1394 2699 1492 2772 Lau·
1558 2730 1563 2735 ·
1861 2747 1869 2762 ·

115 2799 118 2806 '
220 2795 356 2908 rosham
381 2797 433 2870 Vl
454 2798 633 2872 kalendas
658 2799 810 2886 Martii,
837 2795 1062 2898 annoXlllI
1085 2803 1190 2896 regni
1214 2801 1355 2877 domini
1381 2797 1492 2874 nostri
1521 2842 1575 2908 24-
1591 2820 1679 2891 γὼς,
1786 2881 1793 2892 ,

176 2963 181 2976 ,
221 2894 352 2970 Karolr
376 2893 485 2987 regis.
537 2896 696 2990 Signum
722 2899 918 2985 Rutberti‚
944 2899 1011 2994 qui
1035 2899 1132 2975 hanc
1151 2903 1390 2978 donationem
1413 2899 1493 2978 fieri
1586 2958 1588 2967 .

93 3053 97 3060 .
220 2993 262 3074 di
275 2991 415 3070 firmari
428 2993 591 3090 rogavit,
617 2993 762 3092 signum
786 2997 940 3074 Udonis.
993 2999 1076 3096 Ego
1090 3001 1299 3090 Glirnarins
1312 3000 1439 3106 scripsi.

702 3161 1047 3294 'ceconxvrr

488 3347 668 3440 Donotr'o
684 3343 882 3442 Leidrodi
908 3354 950 3441 in
966 3354 1095 3494 eodem
1115 3353 1221 3443 vallo
1301 3418 1303 3421 -

221 3527 274 3654 In
288 3513 419 3613 Christi
432 3513 582 3591 nomine
595 3515 658 3593 sub
674 3516 733 3594 die
747 3517 800 3598 VI
824 3518 1004 3594 kalendas
1029 3519 1257 3619 Septembris
1273 3540 1371 3591 anno
1384 3506 1492 3596 XIIII
1522 3553 1574 3624 27.
1588 3534 1676 3620 Aug.
1803 3593 1808 3606 ,

274 3617 378 3711 regni
404 3617 543 3693 domini
564 3617 680 3702 nostri
699 3620 828 3696 Karoli
846 3619 963 3715 regis,
989 3643 1058 3714 ego
1083 3619 1287 3694 Leidradus
1301 3617 1403 3693 dono
1421 3641 1488 3718 pro

221 3716 384 3796 remedio
405 3720 541 3798 ammae
566 3721 719 3818 meae&
744 3721 923 3800 Hucberti
944 3743 990 3796 ac
1009 3722 1136 3795 uxoris
1154 3718 1236 3817 ejus
1261 3719 1487 3798 lrminlindis

221 3819 270 3896 ad
286 3816 443 3894 sanaum
461 3821 530 3896 Dei
545 3837 750 3920 martyrem
766 3825 812 3901 N.
840 3825 905 3920 qui
917 3822 1113 3920 requiescit
1126 3823 1164 3897 in
1179 3844 1326 3920 corpore
1341 3822 1379 3896 in
1404 3823 1484 3898 mo·

220 3918 399 4008 nasterio,
427 3923 525 4018 quod
539 3941 693 4002 vocatur
716 3928 964 4014 Lauresham‚
988 3923 1055 4000 ubi
1068 3925 1124 4002 vit
1139 3923 1354 4000 venerabilis
1370 3925 1484 4000 Rich·
1559 3943 1563 3952 ·

208 4021 315 4106 laodo
331 4021 426 4104 abba
446 4025 594 4124 praeeffe
619 4029 791 4120 videtur,
805 4028 1077 4212 Ndonatumqoe
1108 4027 1149 4109 ln
1166 4027 1485 4207 perpetuumlelse

273 4180 292 4190 ··
855 4154 923 4211 lin
945 4157 969 4215 2
1348 4151 1396 4211 VO
1411 4148 1434 4205 0
