4000 5417
550 512 599 588 14
953 488 1140 567 Currere.
1168 507 1229 566 nr
1253 482 1468 566 Canarre

544 703 903 729 ——a--u—-n

547 816 662 890 quam
676 792 714 869 δι
730 794 778 869 ad
794 792 986 869 servientes
1004 848 1014 881 ‚
1041 793 1304 869 seuaccolatus
1319 790 1432 892 ipsrus
1450 794 1655 879 monasterii
1676 796 1819 874 distrin-

427 966 436 980 ,
547 895 721 989 gendum,
735 918 802 971 nec
816 895 913 971 ullas
935 896 1170 979 redibitiones
1184 896 1351 994 publicas
1372 899 1630 995 requirendum
1644 922 1712 975 nec
1731 923 1819 975 exa·

549 997 731 1083 standum,
746 996 846 1094 quod
871 999 918 1073 ad
933 1011 1076 1095 partem
1100 997 1172 1071 sisci
1184 997 1292 1089 nostri
1306 996 1440 1073 exinde
1466 1001 1659 1088 redibetur,
1673 1002 1818 1102 penitus

547 1098 687 1193 ingredi
708 1096 901 1194 judiciaria
921 1097 1103 1199 potestaS,
1137 1113 1203 1174 aut
1225 1097 1313 1172 miffi
1335 1098 1442 1173 nostri
1470 1100 1711 1177 discurrentes
1745 1128 1819 1177 non

549 1198 789 1298 praesumant,
820 1199 879 1275 sed
892 1222 1021 1274 omnes
1036 1201 1145 1275 villas
1162 1200 1243 1275 suas
1259 1199 1320 1275 sub
1335 1202 1550 1277 emunitatis
1570 1204 1717 1278 nomine
1731 1226 1819 1282 cum

549 1301 724 1376 omnibus
750 1302 885 1388 fredis,
913 1316 978 1377 aut
1000 1299 1178 1396 conjeslas
1208 1301 1268 1375 seu
1289 1302 1455 1401 publicas
1478 1304 1712 1379 redibitiones
1732 1328 1818 1380 con·

550 1401 680 1489 celsas,
696 1401 942 1491 omnin,s1cut
961 1401 1122 1501 superius
1136 1402 1434 1501 comprehensum
1458 1403 1525 1492 est,
1553 1419 1631 1480 tam
1653 1405 1727 1502 ipse
1754 1407 1819 1481 ab·

548 1504 634 1593 bas,
651 1527 765 1601 quam
781 1504 819 1581 δι
835 1503 1046 1579 successores
1062 1503 1115 1579 sui
1134 1505 1206 1580 hoc
1228 1505 1266 1578 in
1292 1504 1528 1580 Dei·n0mine
1549 1507 1698 1581 valeant
1713 1506 1819 1605 possi·
1976 1578 1980 1585 .

417 1677 420 1687 Δ
551 1606 637 1681 dere
650 1608 708 1681 vel
735 1604 927 1693 dominari,
940 1619 983 1679 ut
1008 1606 1134 1682 nullus
1150 1606 1321 1703 quislibet
1345 1606 1390 1681 de
1404 1605 1572 1681 fidelibus
1585 1607 1711 1683 nostris
1737 1621 1819 1683 tam

549 1706 786 1806 praesentibus
801 1728 913 1805 quam
927 1704 965 1783 δι
981 1705 1115 1783 firturis
1129 1705 1218 1794 hoc,
1245 1708 1342 1804 qnod
1354 1730 1421 1782 nos
1436 1730 1501 1806 pro
1518 1708 1639 1784 nostra
1651 1709 1819 1785 mercede

395 1815 399 1825 '
514 1870 518 1877 .
549 1810 610 1885 vel
630 1832 695 1906 pro
722 1808 913 1884 stabilitate
940 1809 1020 1882 Deo
1042 1806 1242 1904 adjuvaute
1262 1808 1366 1904 regni
1389 1810 1615 1885 Francorum
1637 1812 1685 1886 ad
1705 1810 1819 1911 ipsam

550 1909 671 1985 casam
688 1912 756 1985 Dei
770 1908 1006 1996 indulsrmuS‚
1022 1910 1100 1985 ullo
1124 1934 1288 2008 unquam
1303 1926 1466 2011 tempore
1488 1913 1548 1988 vel
1564 1914 1820 2010 qualicumque

527 2012 711 2109 ,quolibet
727 2011 872 2107 ingenio
886 2011 1087 2109 irrumpere
1109 2012 1303 2101 videatur,
1331 2012 1389 2089 sed
1403 2013 1494 2089 srcut
1508 2014 1667 2115 superius
1691 2014 1820 2089 memi-
1893 2068 1900 2079 .

547 2114 694 2202 nimus,
721 2112 847 2189 nostris
861 2111 900 2217 tp
912 2112 1050 2187 futuris
1071 2116 1298 2213 temporibus
1314 2115 1454 2211 absque
1469 2117 1549 2190 ulla
1560 2116 1820 2191 contrarietate

547 2216 712 2313 partibus
727 2214 886 2313 praedisli
902 2214 1107 2290 monasterii
1121 2217 1293 2290 volumus
1305 2216 1345 2289 in
1357 2216 1526 2290 omnibus
1542 2216 1610 2290 else
1634 2216 1822 2293 conserva·

549 2330 632 2391 tum
654 2330 766 2412 atque
785 2316 995 2403 indultum,
1021 2314 1061 2391 &
1076 2328 1119 2389 ut
1138 2316 1220 2393 haec
1241 2314 1435 2391 austoritas
1454 2314 1596 2389 firmior
1621 2314 1822 2403 habeatur,

550 2416 589 2493 dt
605 2440 668 2516 per
682 2432 846 2517 tempora
862 2418 994 2491 melius
1008 2415 1250 2504 conservetur,
1265 2439 1379 2491 manu
1404 2417 1546 2513 propria
1563 2415 1683 2492 subter
1697 2417 1823 2491 decre-

551 2520 676 2595 vimus
691 2520 861 2596 roborare
875 2518 914 2595 &
934 2519 980 2594 de
995 2518 1107 2593 anulo
1119 2517 1236 2593 nostro
1251 2516 1397 2612 sigillari
1410 2519 1661 2615 praecepimus.
1713 2518 1824 2593 Rado

303 2618 308 2629 '
360 2648 432 2735 maj,
458 2670 532 2741 772,
554 2622 603 2695 ad
618 2622 737 2697 vicem
762 2620 952 2697 Luidberti
977 2619 1184 2715 recognovi.
1212 2619 1343 2693 datum
1368 2618 1406 2692 in
1421 2618 1541 2693 mense
1567 2616 1667 2715 Majo
1694 2621 1824 2694 anno*

551 2736 682 2821 quarto
708 2722 810 2822 regni
830 2722 950 2800 nostri.
974 2720 1112 2799 Attum
1141 2722 1175 2797 T
1172 2718 1312 2794 heudone
1334 2718 1434 2797 Villa
1446 2720 1587 2819 palatio
1602 2720 1749 2821 publico
1771 2720 1827 2798 se·

553 2827 682 2902 liciter.
1107 2854 1111 2859 ·
1631 2844 1637 2856 ·

552 3027 694 3199 Tali
719 3027 1034 3145 privilegiorum
1060 3028 1343 3141 praerogativi
1376 3025 1613 3139 insignitum
1647 3027 1829 3114 Laures-

669 3138 859 3228 hamense
883 3140 1176 3225 monasterium
1196 3139 1392 3254 piissimus
1420 3164 1499 3223 rex
1526 3136 1734 3239 Carolus,
1767 3160 1830 3225 et·

552 3254 782 3342 finondum
799 3257 987 3357 nomine,
1027 3280 1073 3337 re
1091 3273 1232 3337 tamen
1256 3247 1341 3366 ipsa
1356 3250 1478 3337 divus
1507 3251 1760 3379 imperator,
1780 3250 1831 3339 ὃ(

553 3362 712 3483 semper
729 3368 951 3483 Augustus,
970 3361 1163 3479 ampliori
1179 3361 1313 3448 adhuc
1331 3361 1608 3448 munificenter
1623 3363 1830 3476 peridem
1850 3466 1856 3472 ,

549 3500 722 3595 tempus
747 3476 1001 3583 sublimavit,
1031 3476 1099 3561 cui
1116 3470 1260 3560 villam
1287 3470 1552 3588 Hephenbeim
1576 3502 1672 3559 cum
1690 3478 1831 3560 omni·

554 3593 634 3680 bus
661 3594 912 3679 terminis&
941 3589 1191 3708 appenditiis
1215 3582 1298 3673 suis
1315 3591 1431 3673 omni
1455 3588 1705 3701 integritatis
1728 3590 1830 3700 jure

552 3702 729 3801 contulit
753 3734 829 3829 per
845 3702 1085 3817 hujusmodi
1098 3700 1340 3812 ,donationis
1363 3696 1643 3817 privilegium.
