4000 5417
459 516 463 520 .
527 409 1154 489 1nrnnoLonouunuus1.

192 579 729 610 W

677 706 681 714 ’
720 711 984 806 DXXXIV.

459 842 640 938 Donatio
668 840 839 955 Albgeri
868 841 1067 930 luendam
1094 842 1203 931 villa.

189 1032 242 1161 ln
257 1016 389 1096 Christi
411 1014 560 1092 nomine
574 1035 644 1108 ego
670 1007 813 1109 Alpger
828 1031 892 1109 pro
916 1011 1079 1087 remedio
1101 1011 1237 1089 animae
1257 1001 1353 1091 mem
1374 1013 1472 1091 dono

243 1123 291 1198 ad
305 1122 464 1198 sanlium
491 1117 560 1194 Dei
579 1127 782 1209 martyrem
799 1113 1000 1190 Nazarium
1010 1113 1081 1190 διε.
1109 1113 1149 1188 in
1174 1113 1389 1213 Dnrnheimj
1416 1119 1471 1194 vi-

188 1247 299 1300 neam
316 1223 354 1300 ὅ(
369 1245 434 1322 pro
461 1221 586 1297 anima
610 1215 778 1313 germani
801 1215 875 1290 mei
902 1214 1109 1313 Madalgeri
1133 1217 1247 1292 aliam
1273 1219 1421 1294 vineam
1446 1235 1471 1298 a

188 1325 249 1402 die
263 1325 441 1426 praesente
457 1318 642 1398 trado&c.
696 1315 890 1416 Aliumin
912 1317 1130 1392 Laurerlmm
1145 1320 1233 1397 VIII
1248 1319 1333 1396 idus
1355 1322 1469 1422 Junii,
1505 1327 1538 1395 ά
1562 1321 1643 1401 suu

188 1451 287 1504 anno
302 1426 374 1505 XV
399 1427 503 1523 regni
517 1419 660 1500 domini
674 1418 783 1494 nostri
808 1419 950 1520 Pippini
964 1420 1073 1518 regis.
1101 1419 1260 1516 SIgnum
1273 1424 1470 1526 Alphgeri,

188 1529 253 1628 qui
266 1529 362 1607 hanc
380 1529 618 1606 donationem
635 1521 738 1598 fecit.
791 1521 875 1634 lngo
900 1523 1054 1600 Samuel
1070 1521 1202 1627 scripsi.

729 1723 971 1818 DXXXV·
1117 1807 1121 1816 .

208 1861 215 1872 ’
288 1875 470 1972 Donatio
498 1872 684 1967 Dudorris
709 1872 761 1972 δέ
789 1869 1028 1986 Meginradi
1054 1869 1107 1968 δ’
1136 1872 1373 1965 Gebelindis.

187 2057 291 2189 Ego
313 2044 352 2120 in
377 2043 450 2120 Dei-
469 2043 618 2120 nomine
644 2040 753 2119 Dudo
775 2039 814 2118 δι
842 2037 1087 2137 maginradus
1102 2038 1141 2117 &
1167 2042 1381 2119 Gebeliudis
1407 2067 1473 2143 pro
1611 2065 1615 2073 ·

267 2147 429 2224 remedio
445 2145 657 2222 animarum
671 2142 873 2220 nostrarum
888 2139 1074 2218 donamus
1088 2145 1135 2217 ad
1150 2143 1310 2220 santium
1338 2145 1473 2224 Christi

187 2265 395 2347 martyrem
413 2247 616 2324 Nazarium
632 2245 703 2322 &a
729 2246 769 2321 in
786 2245 977 2320 Dornheim
993 2245 1143 2319 vineam
1157 2243 1173 2342 j
1200 2245 1370 2346 &ipsam
1395 2262 1470 2324 ter-

187 2375 287 2441 ram,
314 2373 400 2449 quae
416 2349 594 2446 adtingit,
620 2346 659 2424 δι
683 2346 805 2444 ego&
832 2347 1049 2424 Gebelindis
1065 2347 1249 2424 donamus
1264 2347 1401 2445 jurnal.
1429 2348 1474 2447 vi

186 2455 233 2532 de
249 2467 347 2531 terra
363 2449 544 2540 mannia,
570 2451 665 2526 inter
689 2449 876 2523 Durnium
894 2448 934 2524 &
959 2449 1206 2522 Mannenheim
1221 2449 1327 2540 litos,
1354 2451 1403 2527 ad
1416 2452 1471 2527 in·

186 2569 334 2654 tegrum
350 2577 372 2631 a
387 2552 448 2629 die
469 2550 649 2654 praesente
663 2551 925 2650 perpetualiter
946 2550 995 2625 ad
1020 2551 1268 2649 pollrdendum
1291 2553 1469 2652 stipulati·

187 2683 256 2736 one
272 2657 436 2732 subnixa.
489 2654 627 2731 Altum
643 2655 681 2728 in
695 2651 916 2729 monasterio
942 2651 1158 2728 Laurmham
1173 2707 1184 2742 ,
1202 2655 1322 2731 mense
1348 2654 1468 2756 Junio,

189 2784 286 2837 annu
301 2756 371 2835 XV
396 2757 540 2857 Pippini
556 2758 664 2851 regis.
716 2755 875 2852 Signum
892 2755 1083 2844 Dudonis,
1109 2756 1304 2854 quihauc:
1321 2755 1468 2854 signum

187 2855 382 2941 Balduini,
408 2857 617 2940 Lamberti‚
644 2858 854 2942 Ramberti‚
879 2856 1087 2946 Heriberti,
1114 2858 1311 2949 Dietberti,
1339 2861 1470 2956 Engil·

188 2959 302 3047 berti,
327 2952 487 3032 Seckini.
530 2955 622 3050 ,Ego
643 2955 797 3032 Samuel
819 2969 974 3050 rogatus
994 2956 1112 3056 scripsi
1133 2957 1230 3036 hanc
1255 2960 1467 3045 donationis

187 3057 347 3144 Μ’
683 3153 945 3251 mmm.

623 3287 672 3380 V
666 3288 815 3378 auditio
840 3286 1023 3405 ejusdem.

188 3469 289 3599 Ego
315 3455 542 3556 Sigeuuinus
572 3453 672 3532 filius
705 3456 897 3554 Egiluuini
920 3457 1069 3535 vendidi
1101 3458 1253 3536 domino
1273 3458 1465 3544 abbati&
1509 3453 1513 3457 ⁵

268 3559 444 3636 fratribus
464 3557 571 3656 ejus,
598 3559 712 3656 quiin
745 3559 988 3648 monasterio,
1016 3562 1116 3657 quod
1132 3561 1340 3662 appellatur
1363 3562 1464 3640 Lau·

187 3659 357 3746 resham,
385 3663 463 3737 Deo
486 3661 729 3750 famulantur,
754 3684 832 3736 rem
849 3683 973 3736 meam
988 3661 1027 3736 in
1040 3685 1138 3760 pago
1163 3663 1462 3763 Lobodenburg,

186 3762 259 3838 hoc
275 3761 326 3838 est
343 3816 353 3852 ,
380 3787 477 3840 unus
493 3764 662 3852 mansus,
677 3762 718 3840 δι
734 3762 827 3838 illud
841 3762 1051 3864 pomarium
1066 3764 1282 3854 dimidium,
1309 3766 1406 3862 quod
1421 3769 1462 3846 iu
1614 3845 1624 3859 ,

185 3865 252 3941 illo
269 3879 350 3939 orto
364 3865 431 3952 est,
458 3864 497 3943 &
513 3863 577 3962 xxj
592 3864 728 3962 jurnal.
744 3868 789 3942 de
803 3881 901 3942 terra
915 3865 1098 3953 araturia,
1113 3864 1152 3943 δι
1169 3865 1216 3942 de
1230 3879 1346 3969 prato,
1362 3871 1460 3948 unde
1479 3920 1483 3929 -

184 3966 328 4069 pellunt
342 3967 469 4068 colligi
482 3994 507 4046 x
524 3969 690 4050 carradae
705 3967 800 4061 feni,
825 3967 865 4050 δι
880 3991 994 4049 unam
1009 3968 1163 4048 uineam
1176 3969 1218 4049 in
1240 3967 1461 4151 ὒοψηίέιιῑηι,
1603 3980 1606 3984 ’
