4000 5417
569 479 592 547 6
853 541 854 550 x
999 471 1179 566 Canon.
1208 490 1270 547 nr
1296 468 1508 550 carm

567 636 747 654 m

567 686 744 705 ...n—...-
1663 692 1839 709 w

568 759 786 849 monasteria
805 772 933 851 sanna
961 774 1093 852 Maria
1115 776 1154 853 dt
1174 776 1372 855 sviaoris
1395 774 1476 851 funt
1497 775 1572 850 duo
1588 772 1755 871 J‘umales
1768 774 1835 850 sm·

566 875 737 971 gillatim.
764 875 858 950 Item
873 876 969 951 inter
983 877 1199 954 monasteria
1223 878 1350 955 landae
1365 878 1495 955 Mariae
1508 870 1548 953 dt
1563 875 1671 951 santii
1696 874 1834 952 Albani

568 1002 606 1051 x.
630 974 793 1071 jurnales
812 975 942 1062 simul,
968 976 1008 1051 dt
1026 980 1135 1077 paulo
1152 978 1302 1054 inferius
1328 992 1415 1065 tres,
1442 976 1600 1074 &juxta
1615 976 1835 1051 Brittinhrim

564 1075 722 1173 jurnalis
735 1102 849 1165 unuS,
875 1076 913 1155 dt
927 1078 964 1152 in
977 1079 1145 1179 Kestriche
1164 1078 1318 1175 jurnalis
1332 1102 1428 1155 unus
1440 1079 1479 1155 dt
1500 1078 1707 1153 dimidium.

621 1180 758 1254 Omnes
773 1180 883 1273 igitur
897 1202 992 1255 areae
1010 1180 1092 1255 funt
1113 1181 1355 1278 quadraginta
1376 1182 1532 1278 quinque
1556 1178 1734 1255 solventes
1757 1175 1832 1273 xvjj

569 1281 721 1369 uncias,
753 1280 862 1356 hubae
881 1280 1019 1379 septem
1042 1282 1080 1359 dt
1116 1283 1269 1357 dimidia
1297 1281 1478 1358 solventes
1513 1306 1549 1354 x.
1585 1279 1716 1354 solidos
1744 1279 1784 1355 dt
1810 1304 1836 1353 v

568 1382 767 1497 denari0s3
795 1379 960 1477 jurnales
989 1381 1080 1480 xxxj
1103 1382 1143 1461 dt
1168 1382 1366 1474 dimidius,
1398 1384 1441 1476 ὃς
1470 1382 1583 1459 curus
1604 1380 1836 1457 dominicalis

570 1506 655 1559 cum
673 1504 801 1559 vmers.

355 1698 462 1767 0Haec
476 1706 562 1773 dedit
573 1686 875 1861 Reverendus
892 1694 911 1741 ⁸
929 1688 1071 1800 itaque
1088 1688 1282 1805 pontifex
1308 1688 1606 1780 Ruuonuous
1621 1707 1771 1773 votum
1787 1710 1837 1767 ac

362 1786 525 1860 freherus.
672 1803 919 1914 petitionem
935 1800 1184 1889 venerabilis
1219 1799 1536 1900 Williswindae,
1567 1796 1721 1911 filiique
1747 1798 1836 1906 ejus

456 1981 461 1993 ,
575 1913 802 2001 Cancronis
860 1934 1045 1999 ratanter
1063 1913 1306 2030 amplexus,
1332 1944 1430 2001 cum
1457 1913 1579 2030 ipsius
1605 1909 1836 1995 monasterii

532 2076 534 2081 ·
574 2051 747 2122 curam,
780 1940 1208 2141 gubernationemque
1231 2057 1306 2144 per
1331 2024 1372 2114 se
1401 2028 1556 2142 exequi
1580 2053 1663 2109 non
1692 2012 1836 2137 pollet,

574 2134 783 2251 utpote&
806 2133 1080 2224 ecclefiasticis
1104 2142 1149 2227 br
1175 2138 1382 2253 regalibus
1404 2141 1584 2251 negotiis
1597 2139 1752 2247 jugiter
1772 2160 1837 2217 oc·

575 2272 775 2363 cupatus,
805 2246 1125 2343 Gundelandum
1153 2279 1398 2364 germanum
1425 2248 1564 2347 fuum,
1590 2245 1838 2360 prudentem

579 2360 807 2447 admodum
835 2359 880 2447 bt
904 2358 1054 2449 fandlae
1089 2358 1410 2449 conversationis
1438 2364 1607 2455 virum,
1636 2356 1836 2467 fratrique

575 2501 650 2589 per
667 2476 807 2558 omnia
821 2470 1013 2576 similem,
1031 2477 1168 2560 eidem
1184 2471 1277 2559 loco
1293 2472 1500 2587 praefecit,
1516 2468 1731 2587 ipsumque
1740 2494 1838 2552 cum

575 2588 768 2671 omnibus
797 2583 1056 2701 pertinentiis
1078 2582 1161 2672 fuis
1195 2615 1248 2671 eo
1263 2608 1438 2683 tenore,
1467 2611 1553 2698 quo
1578 2583 1649 2667 fibi
1684 2579 1839 2667 tradita

574 2696 752 2801 fuerant,
771 2692 855 2785 fuae
872 2694 1120 2814 dispositioni
1138 2698 1477 2797 commendavit,
1503 2696 1653 2781 fratres
1698 2718 1838 2805 uoque

570 2832 755 2897 'maturae
772 2815 913 2897 aetatis
948 2812 993 2900 ὃ(
1017 2810 1173 2899 consilii
1187 2812 1412 2924 Deumque
1436 2812 1662 2907 timentes,
1730 2807 1840 2918 egin-

576 2922 732 3011 fridum
759 2922 952 3013 videlicet
971 2924 1016 3012 dt
1052 2922 1267 3016 Wluinum
1285 2950 1384 3009 cum
1407 2920 1500 3007 aliis
1524 2922 1611 3032 xjjjj
1638 2949 1663 3004 a
1693 2918 1839 3008 Gorzi·

575 3041 657 3122 enli
675 3037 949 3139 monasterio,
976 3036 1091 3151 quod
1117 3035 1199 3151 ipse
1245 3035 1378 3119 ridem
1401 3034 1714 3133 construxerat,
1743 3054 1839 3111 cum

575 3145 662 3264 ipfo
680 3148 848 3251 direxit,
857 3147 1005 3237 euntia
1013 3152 1073 3234 eis
1087 3176 1189 3233 nece
1219 3148 1306 3231 aria
1321 3169 1410 3232 tam
1426 3148 1469 3231 in
1485 3142 1702 3241 alimentis,
1711 3166 1838 3253 quam

575 3264 619 3346 in
636 3267 799 3352 caeteris
826 3258 1009 3351 subsidiis
1033 3262 1288 3376 impertiens.
1338 3260 1510 3347 Interim
1525 3254 1648 3342 millis
1672 3253 1725 3337 ad
1742 3279 1839 3366 apo-

575 3371 758 3460 stolicam
781 3371 1090 3487 fedemlegatiS,
1119 3400 1197 3485 pro
1213 3370 1332 3480 cujus
1348 3368 1588 3457 liberatione
1606 3370 1658 3452 ab
1672 3392 1840 3479 oppres·

577 3486 687 3572 stone
715 3487 985 3577 Harsrum
1013 3486 1123 3598 regis
1150 3485 1244 3573 Lon
1272 3484 1526 3571 obardorum
1541 3477 1674 3566 multa
1693 3476 1840 3562 instan-

574 3600 637 3687 tia
653 3596 932 3703 laboraverat,
961 3600 1170 3715 expetivit
1186 3625 1211 3681 a
1264 3624 1394 3685 Auno
1411 3622 1518 3710 papa
1541 3619 1716 3707 corpora
1731 3584 1840 3675 lanc·

574 3732 718 3797 torum
745 3734 1000 3825 martyrum,
1037 3715 1081 3796 in
1097 3735 1279 3825 quorum
1302 3707 1458 3793 honore
1483 3703 1775 3791 construtlasa
1800 3695 1839 3784 fe

575 3822 917 3912 monasteriorum
954 3820 1209 3909 consecraret
1241 3818 1463 3931 eeclesiae,
1508 3820 1627 3930 cuius
1654 3814 1839 3903 devotio

576 3962 675 4021 nem
699 3966 748 4020 ao
764 3938 960 4022 meritum
977 3960 1077 4046 erga
1103 3932 1343 4020 Romanam
1365 3929 1575 4018 ecelesiam
1599 3923 1839 4131 qpostolicus

575 4046 768 4159 pontifex
791 4048 934 4139 debito
958 4045 1103 4142 favore
1134 4042 1408 4164 prosequens,
1432 4046 1608 4137 transmi
1638 4035 1841 4238 tegique
