4000 5417
546 671 611 748 ubi
631 668 689 746 vir
709 663 931 744 venerabilis
951 663 1218 742 Gundelandus
1238 663 1335 740 abba
1355 663 1504 762 praeesse
1516 665 1681 758 videtur,
1710 671 1823 751 dona·

498 799 503 804 ·
547 785 704 866 tumque
718 767 757 844 in
771 777 990 878 perpetuum
1012 762 1081 842 elle
1100 766 1206 860 volo),
1230 765 1271 841 in
1289 765 1512 842 Uluinisirim
1525 768 1574 843 de
1588 782 1688 846 terra
1701 773 1823 850 aranu-

545 873 604 950 ria
621 869 757 968 jornal.
781 863 882 962 xiij,
912 891 935 942 a
956 865 1017 942 die
1035 863 1209 966 prieseute
1230 867 1277 942 de
1292 864 1375 962 jure
1395 890 1480 944 meo
1502 870 1541 946 in
1558 867 1621 966 jus
1643 871 1683 948 &
1701 873 1822 950 dorni-
1942 918 1943 947 r

500 1053 504 1064 ,
547 971 654 1052 ilium
678 967 787 1046 saneti
810 968 856 1044 N.
878 969 984 1042 trado
1006 967 1117 1065 atque
1143 967 1364 1044 transfundo
1389 972 1653 1070 perpetualiter
1672 975 1722 1050 ad
1743 968 1823 1074 poi·

548 1073 751 1151 fidendum.
803 1067 942 1144 Alium
962 1067 1003 1144 in
1027 1068 1246 1145 monasterio
1269 1069 1483 1173 Laurum
1503 1073 1668 1171 publice,
1700 1077 1822 1154 die&
1871 1095 1874 1103 '

549 1187 733 1274 tempore,
760 1193 832 1267 quo
857 1169 971 1268 supra.
1024 1169 1183 1266 Signum
1207 1168 1350 1257 Roolfi,
1376 1172 1440 1269 qui
1463 1174 1561 1250 hanc
1586 1175 1823 1254 donationem

548 1275 628 1353 fieri
652 1273 691 1352 δι
722 1271 862 1348 firmari
894 1271 1074 1366 ragavit,
1115 1271 1259 1367 signnm
1287 1271 1506 1358 Hildibaldi.
1563 1276 1647 1376 Ego
1670 1277 1823 1359 Samuel

548 1375 670 1477 scripsi
694 1384 848 1474 rogatus
870 1371 969 1452 hauc
993 1372 1244 1450 donationem.

555 1701 561 1715 '
724 1787 731 1802 ‚
818 1684 1001 1782 Donatio
1026 1687 1204 1800 Ernesti,
1232 1691 1276 1778 in
1290 1691 1431 1779 ‘eodem
1458 1685 1567 1781 oilla.

548 1855 685 2002 Anno
716 1855 734 1934 1
758 1855 860 1950 regni
889 1853 1030 1933 domini
1058 1853 1169 1931 nostri
1195 1855 1325 1934 Karoli
1357 1858 1456 1955 regis
1480 1881 1551 1956 ego
1576 1858 1822 1954 Ernest‘dono

571 2026 573 2032 .
636 1979 703 2060 pro
735 1955 900 2034 remedio
925 1956 1061 2034 annuae
1086 1957 1204 2056 patris
1228 1958 1304 2034 mei
1330 1957 1561 2037 Adalmanni
1586 1962 1636 2037 ad
1661 1962 1822 2039 laneum

549 2075 758 2157 martyrem
792 2057 1020 2146 Neratium,
1049 2058 1119 2155 ‘qui
1151 2059 1346 2157 requiescit
1378 2061 1419 2136 in
1449 2085 1547 2162 pago
1577 2061 1751 2150 Rinensr,
1782 2064 1822 2137 in

550 2160 795 2248 monasterio,
823 2158 921 2258 quod
936 2171 1089 2235 vocator
1102 2159 1339 2250 lauresham,
1364 2163 1467 2262 super
1488 2161 1641 2244 flurium
1664 2161 1818 2240 Wllicoz
1942 2214 1943 2221 κ

556 2263 643 2352 lito,
658 2263 719 2340 vel
745 2263 793 2336 ad
807 2260 892 2346 illos
909 2259 1031 2336 servos
1046 2260 1134 2348 Dei,
1151 2261 1227 2358 ,qui
1249 2262 1385 2341 ibidem
1397 2265 1474 2340 Deo
1487 2262 1617 2336 servire
1632 2261 1812 2347 videntur,

551 2364 618 2441 ubi
649 2364 707 2439 vir
739 2361 962 2440 venerabilis
991 2361 1260 2439 Gondelandus
1298 2365 1392 2441 ebba
1424 2359 1562 2461 praeelle
1600 2360 1816 2446 dinoscitur,

552 2466 804 2558 donatumque
828 2463 866 2537 in
885 2475 1102 2561 perpenrum
1131 2463 1203 2546 elle
1225 2465 1309 2539 volo
1347 2462 1386 2538 du
1406 2459 1674 2561 promptiffima¹
1686 2461 1822 2536 volun·

552 2575 640 2658 tute,
662 2561 871 2652 confirmo,
902 2563 975 2638 hoc
1007 2562 1091 2652 est,
1122 2586 1200 2640 rem
1229 2585 1354 2638 meam
1385 2561 1424 2638 io
1453 2561 1710 2652 Loboduninle
1732 2614 1752 2660 ,ἢ
1779 2561 1824 2637 in

507 2689 513 2726 -·
560 2661 787 2740 Uluinislzeim
798 2661 934 2760 jurnal.
946 2661 962 2760 j
976 2663 1016 2742 dt
1036 2665 1246 2752 dimidium,
1273 2685 1299 2739 a
1318 2664 1379 2738 die
1400 2663 1571 2763 praesente
1586 2665 1695 2739 trado
1709 2675 1823 2760 atque

554 2764 773 2844 transfundo
812 2766 851 2848 in
881 2765 963 2852 ‘Dei
998 2767 1162 2855 nomine
1178 2765 1446 2866 perpetualiter,
1474 2765 1524 2841 ad
1555 2762 1823 2862 polirdendum,

551 2866 634 2959 ita,
673 2881 716 2948 ut
746 2867 917 2968 deinceps
942 2866 1131 2967 adipsum
1156 2868 1280 2956 lopum
1300 2866 1483 2956 santium,
1499 2865 1576 2950 ‚vel
1602 2865 1826 2962 adaugentes

553 2969 665 3068 ipsius
695 2971 797 3046 omni
837 2983 1002 3069 tempore
1037 2968 1207 3067 proficiat
1238 2967 1562 3065 inaugmentum,
1595 2965 1825 3065 stipulatione

379 3079 381 3086 “
388 3091 441 3174 13,
452 3085 525 3178 maj,
553 3069 718 3146 subnixa.
769 3069 909 3165 Atium
932 3071 972 3146 in
997 3068 1217 3146 monasterio
1239 3069 1454 3146 hurum
1473 3069 1545 3148 XV
1564 3067 1744 3144 kalendas
1763 3069 1826 3167 Ju-
1942 3150 1943 3159 p

554 3171 617 3248 nii.
669 3171 827 3267 Signum
849 3167 1077 3258 Ernestonis,
1104 3173 1168 3268 qui
1192 3171 1291 3248 hanc
1322 3171 1558 3248 donationem
1589 3169 1670 3245 fieri
1707 3169 1745 3246 dt
1764 3167 1827 3242 iir-
1942 3174 1944 3209 l

526 3271 649 3366 ¹mari
674 3265 835 3370 rogavitss
861 3265 1003 3370 lignum
1025 3273 1248 3361 Gramanni‚
1274 3273 1504 3363 Bemhardi,
1531 3271 1703 3359 Geroldl‚
1729 3270 1828 3347 Rut-

554 3373 648 3456 berti
654 3367 869 3475 ,sigefridi
886 3374 1103 3474 Wolfgrimi
1110 3428 1123 3465 ,
1136 3373 1327 3453 Budelini.
1381 3377 1463 3474 Ego
1477 3373 1631 3456 Samuel
1645 3368 1772 3472 scripit.

740 3631 755 3654 ,
1082 3527 1339 3668 ccocnrn.

758 3763 761 3768 ·
801 3689 982 3792 Donatio
1001 3693 1245 3786 Hartdradi
1271 3692 1326 3792 δ’
1352 3691 1582 3786 Ναηιιοίηῐ.
1714 3722 1718 3728 “

165 3835 168 3848 ¹
333 3889 342 3894 ·
608 3882 650 3940 os
682 3858 797 3942 etiam
828 3863 1020 3941 Hartdrad
1058 3861 1098 3940 dc
1129 3858 1311 3942 Nantwin
1349 3861 1532 3939 donamus
1575 3860 1643 3960 ad.
1662 3857 1830 3936 sanllum
1942 3823 1944 3827 ‚

472 4041 480 4048 .
631 3965 704 4048 Dei
726 3977 934 4066 mutyrem
947 3963 1174 4090 Nazarium‘,
1198 3963 1263 4070 qui
1287 3963 1482 4065 requiescit
1503 3964 1543 4045 in
1571 3987 1668 4067 pago
1682 3958 1832 4141 fflpenli
