4000 5417
496 838 504 859 ,
741 758 882 852 XVII·

81 937 87 973 ,·
227 896 488 1007 Praeceptum
515 882 723 980 Latobici
756 890 838 1113 pi}
857 892 917 1021 de·
942 887 1188 980 iatmum'tatt
1223 888 1391 1004 masmar

695 1030 808 1089 meaa
839 1031 930 1094 aru.
1390 1032 1397 1045 “

44 1236 46 1249 ,
177 1191 233 1317 ln.
249 1170 399 1247 nondne
424 1168 564 1245 domini
590 1168 659 1245 Dei
678 1167 922 1245 &salvatoris
945 1160 1054 1248 nostri
1077 1169 1162 1273 Jesu
1176 1167 1310 1247 Christi
1326 1169 1446 1247 Hluo·

226 1274 393 1350 dowicus
409 1271 535 1347 divina
547 1272 743 1345 ordinante
765 1272 993 1369 providentia
1013 1274 1215 1374 imperator
1239 1270 1442 1369 Augustus.

177 1374 216 1449 Si
228 1396 317 1471 erga
341 1375 423 1449 loca
443 1373 578 1449 divinis
604 1371 765 1447 cultibus
788 1376 998 1478 mancipata
1014 1390 1158 1476 propter
1181 1395 1348 1449 amorem
1373 1375 1443 1451 Dei

177 1476 302 1571 eisque
328 1476 367 1551 in
388 1474 530 1551 eisdem
554 1475 647 1550 locis
672 1472 738 1547 fibi
762 1474 1026 1553 famulantibus
1057 1476 1234 1555 benemia
1259 1492 1442 1577 oportuna

175 1576 372 1673 largimur,
399 1578 594 1675 praemium
614 1574 720 1651 nobis
735 1577 835 1674 apud
860 1578 980 1653 Deum
1001 1592 1150 1656 aeternae
1174 1579 1441 1655 remuneratio-

175 1678 233 1751 nis
248 1678 398 1777 rependi
411 1702 485 1753 non
501 1676 716 1753 diffidimus.
768 1676 922 1755 Noverit
934 1681 1075 1757 interea
1089 1680 1267 1774 sagacitas
1282 1680 1344 1757 seu
1368 1682 1439 1756 uti·

172 1779 260 1853 litas
277 1780 445 1853 omnium
465 1777 630 1853 fidelium
653 1776 857 1854 nostrorum
877 1794 960 1856 tam
980 1780 1239 1878 praesentium,
1263 1804 1379 1877 quam
1404 1780 1442 1859 ἂ

172 1880 412 1967 futu-rorum,
437 1881 527 1976 quia
549 1880 611 1956 vir
635 1880 856 1955 venerabilis
881 1880 1107 1975 Adalungus
1123 1878 1238 1953 abbas
1253 1904 1301 1953 ex
1315 1904 1443 1957 mona-

172 1978 283 2054 sterio
302 1982 591 2069 'warahamum
606 1982 708 2077 quod
722 1980 773 2057 est
785 1978 1032 2057 construitura
1047 1982 1086 2055 in
1100 1980 1241 2055 honore
1253 1979 1447 2057 beatorum

171 2079 423 2179 apostolorum
447 2082 545 2157 Petri
567 2082 605 2158 δι
625 2082 759 2171 Pauli,
785 2083 849 2159 ubi
871 2082 912 2159 δι
933 2082 1079 2158 santtus
1103 2080 1288 2156 Nazarius
1303 2094 1447 2176 martyr

169 2204 326 2281 corpore
338 2182 544 2279 requiescit,
560 2184 661 2279 quod
673 2183 726 2257 est
739 2182 895 2259 fitumiu
903 2207 1003 2282 pago
1016 2180 1278 2282 Rentnsrsuper
1289 2180 1446 2257 fluvium

171 2282 347 2378 ngea,
373 2284 505 2377 obtulit
529 2284 718 2361 obtutibus
745 2283 873 2359 nostris
906 2284 1165 2359 austoritatem
1197 2282 1445 2358 immunitatis

167 2385 310 2460 domini
324 2380 550 2479 &genitoris
573 2384 685 2461 nostri
710 2385 817 2463 bonae
833 2384 1029 2461 memoriae
1053 2384 1180 2479 Caroli
1194 2382 1335 2481 piillrmi
1361 2381 1444 2459 llu-

165 2484 287 2581 gusti,
312 2486 352 2562 in
371 2500 447 2583 qua
470 2486 727 2563 continebatur
747 2486 953 2573 insertum,
979 2486 1141 2583 qualiter
1163 2484 1265 2561 idem
1298 2487 1444 2581 genitor

165 2586 284 2662 noster
299 2586 416 2687 ipsum
432 2588 690 2665 monasterium
707 2588 753 2664 ob
769 2584 940 2663 amorem
955 2587 1044 2675 Dei,
1069 2588 1440 2684 tranquilitatemque

163 2688 328 2765 fratrum
353 2688 487 2765 ibidem
506 2690 774 2767 consistentium
798 2688 943 2789 semper
969 2687 1034 2764 sub
1058 2687 1260 2788 pleniffima
1285 2689 1440 2765 tuitione
1570 2776 1574 2785 Ι

163 2788 203 2867 &
216 2791 469 2865 immaritatis
482 2790 683 2867 desensrone
698 2793 745 2867 ab
762 2793 866 2866 omni
887 2790 1140 2887 inquietudine
1149 2788 1357 2887 judiciariae
1375 2815 1438 2889 po-

158 2890 312 2967 testatis
326 2883 512 2961 consistere
526 2888 658 2975 iecisset
673 2914 686 2979 ·,
712 2904 859 2985 propter
871 2890 1086 2967 firmitatem
1101 2906 1230 2967 tamen
1242 2890 1439 2989 postulavit

162 3016 186 3067 a
201 2990 315 3066 nobis
327 2988 520 3087 praedittus
543 2984 770 3081 Adalungus
785 2988 899 3065 abbas
914 3044 924 3079 ,
949 3006 992 3073 ut
1007 3008 1202 3092 paternum
1218 3015 1361 3068 morem
1383 2992 1436 3067 se-

160 3104 325 3190 quentes
339 3086 592 3186 hujuscemodi
606 3085 737 3163 nostrae
762 3089 1008 3171 immunitatis
1024 3108 1248 3194 praeceptum
1270 3094 1317 3169 ob
1331 3117 1435 3171 reve·

159 3198 325 3272 rentiam
341 3191 452 3269 santii
477 3190 630 3267 Nazarii
642 3192 818 3285 martyris
836 3245 847 3277 ‚
873 3195 937 3289 qui
951 3194 1088 3270 ibidem
1110 3218 1259 3295 corpore
1272 3198 1435 3293 requies·

161 3298 244 3385 cit,
271 3296 372 3371 circa
386 3293 508 3392 ipsum
523 3287 781 3369 monasterium
806 3292 885 3368 fieri
904 3295 1136 3371 censeremus
1152 3319 1163 3388 ;
1188 3295 1296 3392 cujus
1316 3296 1437 3395 petiti·

159 3400 222 3473 oni
244 3399 405 3475 libenter
433 3388 612 3467 assensum
635 3392 884 3489 praebuimus,
909 3395 948 3471 du
961 3397 1035 3471 hoc
1051 3396 1179 3471 nostrae
1212 3396 1437 3471 ausloritatis

158 3511 394 3598 praeceptum
409 3515 499 3588 erga
510 3490 627 3590 ipsum
642 3492 902 3569 monasterium
923 3494 963 3571 δι
988 3495 1192 3571 monachos
1206 3497 1343 3573 ibidem
1357 3498 1438 3572 Deo
1558 3508 1562 3519 '

156 3602 372 3677 militantes
396 3595 643 3671 immunitatis
670 3606 785 3691 atque
810 3594 977 3669 untionis
1002 3594 1190 3669 firmitatis
1214 3598 1346 3690 gratia,
1370 3620 1437 3695 pro

153 3703 280 3778 divini
294 3702 419 3782 cultus
433 3694 603 3773 amore&
618 3698 759 3773 animae
767 3692 898 3771 nostrae
911 3696 1085 3783 remedio,
1100 3693 1179 3771 lieri
1192 3698 1434 3787 decrevimus,

54 3816 56 3819 ’
151 3825 224 3902 per
239 3801 347 3901 quod
361 3800 590 3899 praecipimus
605 3814 720 3896 atque
733 3796 938 3895 jubemus,
964 3811 1007 3875 ut
1029 3798 1156 3873 nullus
1175 3796 1292 3895 judex
1316 3799 1435 3899 publi-

152 3928 251 3994 cus,
283 3902 344 3979 vel
359 3900 529 3998 quislibet
544 3925 591 3977 ex
612 3900 810 3997 judiciaria
824 3899 1025 3999 potestate,
1051 3912 1119 3977 aut
1132 3902 1237 4005 ullus·
1248 3925 1295 3978 eu
1315 3901 1432 3978 fideli·

151 4005 223 4086 bus
238 4004 376 4086 nostris
390 4016 469 4085 tam
483 4003 721 4105 praesentibus
734 4024 888 4187 ,Fauam
907 4002 947 4083 dc
966 4002 1103 4083 suturis
1115 4002 1156 4081 in
1180 4001 1351 4185 ecclesias
1367 4020 1445 4115 aut¹

813 4132 836 4204 3
1091 4178 1096 4187 ,
1309 4130 1380 4191 oca
