4000 5417
547 459 606 515 ru
632 438 760 517 anuo
785 436 1163 551 Lononuunusr.
1412 456 1490 539 389

223 602 757 635 W

263 642 266 657 ¹
1139 647 1494 680 “ur—'-

757 737 1076 832 CCCXXVIII.

221 870 402 965 Donatio
420 868 636 960 Salmonis
654 866 695 954 in
724 864 1111 983 Hoorsrlroirsirim
1135 869 1218 958 III
1228 895 1352 953 nonos
1376 867 1490 954 Mor-

280 985 333 1073 tii
352 1012 454 1071 norro
472 986 522 1074 X
533 981 651 1093 regui
662 979 807 1065 domini
819 979 944 1089 nostri
969 978 1117 1069 Koroii
1132 979 1297 1090 magui,
1330 978 1438 1067 Gou-
1512 1016 1518 1023 ·

689 1089 850 1177 dolando
877 1092 1028 1177 abiate.

223 1272 275 1402 In
289 1260 419 1340 Christi
436 1258 605 1346 nomine,
631 1280 698 1353 ego
723 1256 900 1331 Salemon
920 1257 1017 1331 dono
1043 1256 1112 1333 Dei
1129 1256 1284 1353 martyri
1309 1255 1492 1349 Nazario,

275 1365 341 1461 qui
366 1360 557 1459 requiescit
581 1360 620 1435 in
646 1360 794 1455 corpore
816 1357 863 1435 in.
875 1381 970 1455 pago
996 1358 1165 1445 Rinensr,
1192 1360 1231 1433 in
1257 1358 1493 1448 monasterio,

224 1466 327 1563 quod
340 1477 493 1539 vocatur
518 1458 770 1547 Lauresham,
785 1458 849 1533 ubi
866 1460 921 1533 vir
930 1462 1096 1535 venerab.
1115 1459 1380 1535 Gundelandus
1396 1461 1492 1536 abba

224 1564 370 1665 praeeffe
385 1564 546 1649 videtur,
574 1564 826 1655 donatumque
844 1558 882 1633 in
897 1576 1115 1657 perpetuum
1131 1561 1199 1635 effe
1215 1562 1318 1647 volo,
1334 1562 1414 1636 ‘hoc
1428 1562 1492 1651 est,

224 1668 374 1742 vineam
384 1664 413 1761 j,
440 1686 552 1761 quam
568 1662 660 1737 mihi
683 1660 835 1737 tradidit
859 1660 1102 1735 Erkanfridus
1123 1684 1236 1735 manu
1256 1660 1495 1759 potestativa,

224 1768 265 1842 in
290 1764 416 1841 Lobod.
432 1765 471 1839 in
496 1758 812 1861 manswindam,
838 1777 880 1836 ut
894 1762 1079 1835 traderem
1094 1784 1177 1835 eam
1204 1782 1268 1859 pro
1284 1763 1412 1837 anima
1430 1764 1495 1839 sua

194 1882 200 1891 “
220 1866 302 1965 jam
323 1866 416 1942 diuo
441 1864 639 1962 &semper
664 1864 818 1938 dicendo
858 1861 1016 1958 martyri
1039 1862 1147 1937 beato
1172 1860 1357 1949 Nazario,
1396 1865 1494 1938 hanc

228 1970 385 2044 eandem
401 1966 548 2042 vineam
564 1965 670 2040 trado
696 1980 808 2061 atque
830 1962 1049 2039 transfundo
1063 1961 1108 2037 de
1128 1959 1210 2057 jure
1226 1985 1309 2036 meo
1323 1959 1434 2059 injus
1458 1963 1499 2040 dt

115 2156 119 2164 ,
226 2069 431 2147 dominium
447 2066 556 2142 santii
570 2066 619 2142 N.
636 2066 675 2140 in
701 2066 770 2141 Dei
786 2065 935 2141 nomine
957 2062 1218 2163 perpetualiter
1242 2062 1499 2161 poffidendam,

227 2171 338 2246 itaut
353 2168 524 2267 deinceps
550 2168 599 2243 ad
622 2166 737 2267 ipsum
763 2164 924 2242 santium
950 2166 1075 2240 locum
1096 2164 1197 2238 omni
1230 2177 1394 2262 tempore
1414 2189 1499 2265 pro·

224 2270 377 2361 ficiatin
394 2268 623 2365 augmentis,
647 2266 879 2365 stipulatione
902 2264 1067 2341 subnixa.
1119 2263 1255 2341 Attum
1270 2266 1498 2343 inmonaste·

224 2372 279 2446 rio
305 2368 529 2444 lauresham.
581 2368 657 2463 sig.
682 2366 917 2454 salemonis,
945 2367 1010 2463 qui
1034 2365 1133 2441 hanc
1152 2366 1389 2442 donationem
1420 2368 1499 2442 fieri

224 2471 417 2549 &firmari
440 2469 613 2565 rogavit,
639 2468 702 2567 fig.
725 2466 950 2545 Erkanfridi.
1003 2468 1086 2564 Ego
1111 2467 1357 2545 Grimmarius
1380 2467 1498 2568 scripsi

224 2574 322 2652 hanc
347 2572 592 2649 donationem.
891 2620 896 2627 -

772 2754 1058 2863 cccxxix.
1173 2728 1190 2845 f

255 2877 435 2968 Donatio
464 2880 715 3003 Cunrgurrdis
733 2882 775 2967 in
792 2884 920 2967 rodem
937 2888 1031 2971 vilio
1049 2948 1060 2989 ,
1089 2912 1191 2971 ortuo
1208 2884 1266 2975 X
1272 2884 1389 2998 regni
1404 2883 1469 2972 do·

512 2990 611 3074 morri
627 2990 750 3099 nostri
767 2993 914 3079 Koroli
931 2995 1069 3107 magni
1092 2995 1214 3108 regis.

107 3188 116 3206 ,
229 3164 447 3295 Regnante
464 3151 614 3228 domino
628 3155 747 3231 nostro
762 3180 898 3255 magno
912 3161 1049 3236 Karolo
1063 3186 1133 3257 ego
1158 3161 1390 3257 cunigundis
1402 3162 1500 3237 dono

316 3280 380 3356 pro
396 3255 559 3332 remedio
570 3256 705 3332 animae
720 3280 814 3337 meae
828 3261 866 3337 &
882 3262 1087 3339 reverentia
1104 3263 1215 3339 santti
1230 3260 1499 3358 Nazarii‚quod

227 3358 321 3435 mihi
338 3373 441 3458 pater
457 3379 563 3434 meus
588 3360 744 3435 Bertrnd
758 3383 883 3437 coram
897 3364 1049 3439 testibus
1063 3388 1178 3441 manu
1192 3362 1409 3461 potestativa
1421 3376 1497 3435 tra·
1655 3447 1659 3452 ¹

226 3460 346 3546 didit,
373 3462 442 3535 hoc
465 3460 562 3535 dono
584 3460 633 3535 ad
653 3459 813 3535 santtum
840 3464 909 3537 Dei
933 3482 1136 3561 martyrem
1152 3464 1206 3539 N.
1221 3464 1283 3558 qui
1308 3460 1499 3557 requiescit

229 3559 269 3633 in
286 3583 434 3658 corpore
450 3562 486 3635 in
503 3584 597 3659 pago
624 3560 790 3649 Rinensr,
809 3560 855 3635 'in
869 3564 1105 3650 monasterio,
1120 3564 1219 3660 quod
1232 3575 1383 3636 vocatur
1399 3564 1499 3636 Lau·

229 3660 406 3740 rosham,
439 3663 541 3758 snper
573 3663 730 3739 fluvium
756 3661 909 3741 Wiffcoz
932 3662 1024 3751 fito,
1051 3662 1116 3738 ubi
1137 3662 1306 3738 venerab.
1351 3663 1500 3738 Gunde·
1534 3674 1541 3683 ‘

225 3760 366 3839 dandus
385 3762 480 3836 abba
505 3763 650 3859 praeeffe
667 3765 830 3851 videtur,
858 3765 1112 3861 donatumque
1127 3764 1167 3838 in
1190 3774 1407 3861 perpetuum
1431 3762 1501 3839 eise

229 3863 345 3947 volo,
371 3862 441 3935 hoc
463 3862 512 3936 est
527 3886 644 3947 ,rem
667 3888 790 3940 meam
817 3866 867 3939 in'
881 3890 977 3965 pago
992 3866 1241 3967 Lobodmnfi,
1266 3866 1306 3941 in
1328 3861 1501 3963 Honestu-
1609 3946 1612 3952 ,
1655 3947 1658 3951 A

224 3964 418 4041 rotomo
438 3982 585 4054 marca,
605 3964 861 4065 jbifangum,
882 3991 999 4151 <rpuem
1019 3982 1125 4068 pater
1149 3989 1256 4045 meus
1272 3964 1438 4149 propitlifit
1462 3967 1503 4045 in

507 4092 512 4098 ·
769 4142 771 4147 .
930 4093 1036 4167 coa
1390 4092 1449 4158 va,
