4000 5417
542 500 614 576 114
904 452 1420 553 ceremonensem

431 688 435 697 ¹
490 664 502 708 ὶι
536 685 1811 712 &affl-*mm*—

536 780 646 857 rebus
670 779 718 853 ad
739 779 830 853 illud
844 778 1063 855 beneficium
1081 778 1150 853 rite
1165 775 1440 875 pertinentibus,
1454 776 1503 851 ad
1527 776 1606 851 dies
1620 775 1710 851 vitae
1734 775 1812 852 suae

537 882 577 956 in
604 884 790 980 proprium
813 880 1046 957 donavimus.
1108 879 1278 980 Jullrmus
1311 901 1457 976 quoque
1478 880 1551 952 hoc
1578 892 1810 977 praecepturn
1949 900 1954 905 ·

538 984 623 1059 inde
640 982 839 1070 conscribi,
855 1006 918 1082 per
934 984 1035 1079 quod
1050 984 1241 1069 volumus,
1268 981 1494 1077 firmiterque
1509 979 1703 1076 jubemus,
1717 1005 1809 1076 qua·

539 1086 639 1160 tinus
656 1086 831 1183 praefatus
852 1085 1038 1164 Werinoll
1046 1083 1151 1181 supra
1165 1085 1375 1159 nominatas
1390 1104 1468 1169 res,
1483 1106 1599 1177 quarn
1612 1082 1807 1170 tinnivit,

434 1230 435 1233 π
541 1186 605 1261 sub
621 1188 683 1261 usu
709 1186 907 1263 srnunnnin
928 1200 1058 1263 teneat
1077 1200 1187 1283 atque
1202 1185 1387 1282 pollrdeut.
1439 1184 1521 1261 Post
1551 1186 1694 1259 obitum
1720 1206 1809 1259 vero

538 1287 641 1363 illius
657 1290 704 1363 ad
730 1288 1008 1376 monasterium,
1034 1289 1133 1393 quod
1148 1285 1198 1359 est
1213 1287 1252 1360 in
1268 1288 1361 1374 loco,
1387 1286 1601 1359 lauresham
1618 1286 1725 1373 disto,
1743 1285 1807 1362 sub

537 1390 676 1465 honore
692 1390 802 1464 sarrlti
827 1389 976 1467 Nazarii
992 1387 1168 1485 nuurtyris
1193 1387 1324 1463 Christi
1340 1386 1583 1484 construttpm
1597 1442 1608 1475 ,
1623 1390 1809 1464 aeternali·

415 1566 420 1575 ,
537 1506 594 1567 ter
609 1492 759 1567 easdem
780 1514 845 1566 res
867 1491 1091 1591 pollidendas
1114 1488 1373 1577 concellum,
1399 1512 1445 1564 ea
1458 1490 1631 1565 videlicet
1645 1491 1810 1579 ratione,

418 1674 424 1685 ,
541 1608 585 1669 ut
600 1594 820 1693 supradictus
846 1593 1031 1674 Werinolf
1046 1594 1201 1688 suusque
1224 1588 1478 1689 suffraganeus
1502 1591 1692 1667 Thiotrich
1706 1616 1809 1690 pres·

539 1696 647 1791 byter
663 1697 776 1770 talem
792 1697 874 1771 inde
901 1696 1038 1771 vitium
1054 1694 1092 1772 δι
1107 1692 1297 1782 vestitum,
1324 1694 1521 1790 omniaque
1537 1692 1727 1768 neceffaria
1749 1696 1808 1769 in·

537 1794 651 1872 tus&
671 1797 758 1872 foris
784 1796 1065 1897 illisprofutura
1092 1809 1268 1884 teneant,
1295 1794 1386 1870 licut
1407 1797 1497 1870 olim
1514 1820 1582 1870 nos
1603 1818 1690 1870 cum
1716 1796 1807 1871 Liu-

535 1898 656 1973 thario
674 1899 824 1989 abbate,
850 1898 1258 1996 caeterisquefratribus
1274 1897 1411 1973 ibidem
1435 1898 1596 1973 Domino
1620 1898 1808 1973 famulan-

534 2000 632 2075 tibus
658 2003 846 2077 communi
868 2000 1014 2076 consilio
1047 2000 1352 2075 coadunavimus,
1406 2000 1463 2075 De
1492 1999 1579 2074 virio
1614 2000 1747 2076 dentur
1769 2001 1806 2076 ei

421 2142 426 2151 ·
451 2129 455 2147 ·
533 2098 682 2198 singulis
694 2104 803 2189 ,annis
828 2114 903 2203 tres
918 2103 1079 2180 carradae
1094 2125 1104 2195 3
1132 2100 1156 2175 sr
1171 2101 1313 2199 aliquid
1326 2123 1420 2196 vero,
1435 2102 1528 2176 eide
1543 2102 1726 2201 praediffis
1747 2124 1806 2178 re·

531 2204 602 2279 bus
618 2204 816 2281 deficiendo
832 2201 875 2280 a‘c
892 2206 1113 2279 retrahendo
1133 2193 1322 2294 defecerit,
1349 2217 1597 2280 memoratam
1609 2203 1802 2279 ecclefiam

532 2304 572 2379 in
588 2304 629 2379 V
626 2306 816 2379 irnienlieim
830 2307 1051 2415 aediticatpm
1067 2307 1142 2393 ‚¹in
1156 2319 1372 2404 perpetuam
1385 2305 1451 2381 libi
1465 2306 1731 2407 proprietatem
1746 2328 1806 2381 re·

531 2405 668 2504 cipiat,
694 2430 852 2505 eamque
873 2406 1090 2507 potestativa
1104 2431 1220 2483 manu
1244 2421 1368 2483 teneat
1406 2425 1518 2504 atque
1540 2407 1726 2508 poffident,
1741 2406 1801 2481 fa·

532 2508 679 2604 cietque
705 2508 817 2597 inde,
852 2510 1029 2608 quicquid
1047 2508 1112 2584 fibi
1139 2510 1287 2585 libuerit
1311 2509 1533 2586 faciendum.
1586 2512 1638 2587 Et
1662 2526 1706 2586 ut
1728 2510 1803 2585 hoc

532 2622 758 2705 praeceptum
773 2610 922 2685 firmum
939 2664 950 2699 ,
976 2607 1173 2708 stabileque
1187 2626 1428 2711 permaneat,
1454 2636 1569 2687 manu
1582 2612 1703 2690 nostra
1719 2612 1800 2687 lub-

398 2776 402 2785 .
530 2722 593 2783 tus
608 2710 703 2785 illud
727 2710 991 2801 firmavimus,
1017 2712 1055 2790 δι
1078 2712 1193 2809 sigillo
1215 2712 1334 2787 nostro
1367 2713 1517 2811 figillari
1539 2717 1797 2813 praecepimus.

476 2832 480 2840 “
531 2812 753 2887 Chunradus
768 2836 846 2889 rex.
870 2841 872 2845 ·
898 2814 1074 2890 Salomon
1090 2817 1330 2891 cancellarius
1346 2817 1394 2892 ad
1409 2818 1530 2893 vicem
1556 2817 1719 2912 Piligrini
1736 2838 1797 2891 ar·

530 2912 775 3012 chicapellani
807 2918 1016 3013 recognovi.
1070 2918 1168 2994 Data
1199 2918 1251 2994 Ill
1278 2934 1396 2995 nonas
1420 2918 1668 3008 Novembris,
1698 2941 1799 2994 anno
1830 2972 1836 2983 .

361 3006 393 3069 ³·
406 2986 488 3142 ξῦν·
527 3015 790 3095 incarnationis
805 3020 945 3095 innini
969 3018 1235 3105 nccccxui
1247 3020 1442 3097 inrisione
1456 3022 1704 3113 Vl,regnante
1714 3022 1798 3114 glo-

372 3096 455 3189 ‚9¹⁹
525 3115 708 3191 riofillimo
734 3142 819 3217 rege
845 3122 1070 3211 Chunrado,
1095 3145 1192 3197 anno
1213 3122 1282 3200 VL'
1330 3122 1465 3202 Attum
1475 3120 1728 3216 Franconosm
1751 3121 1796 3197 in

524 3219 594 3301 Dei
608 3222 757 3299 nomine
783 3221 938 3301 feliciter
952 3246 1087 3311 mneu,

614 3548 615 3551 ‘
690 3580 697 3645 ς
744 3580 746 3583 ·
785 3535 1034 3652 Conscrpitio
1040 3541 1094 3656 sy
1126 3426 1268 3630 LXX·
1282 3542 1329 3633 V
1325 3538 1507 3627 imbeim·

519 3698 762 3838 conscriptio
788 3702 951 3803 marchae
968 3704 1006 3781 ἃ
1030 3704 1164 3803 sylvae,
1191 3684 1275 3807 quiae
1288 3708 1445 3810 pertinet
1458 3707 1508 3785 ad
1536 3702 1769 3783 Vtrumluim
1781 3758 1798 3796 ,

592 3802 684 3879 ficut
695 3828 780 3881 earn
807 3806 1030 3907 chunradus
1043 3834 1108 3886 rex
1134 3811 1352 3888 adrianum
1369 3810 1473 3888 suam
1489 3806 1648 3895 habuit,
1674 3806 1714 3886 δι
1729 3830 1798 3907 per
1822 3900 1831 3909 ,

514 3902 787 3983 Lrurrniounr
813 3907 924 4007 ipsius
948 3932 1140 3986 conranni
1158 3966 1168 4000 ,
1186 3928 1423 4011 xcaeterosque
1437 3914 1521 3989 suos
1544 3912 1673 3987 fideles
1693 3910 1793 3985 limi-

510 4005 634 4095 tibus,
661 4009 845 4098 collibus,
872 4011 1058 4102 vallibus,
1086 4014 1292 4113 lapidibus,
1325 4016 1505 4109 ttuntdiS,
1531 4015 1604 4095 viis
1637 4013 1792 4101 interdi-

506 4102 687 4204 stinguere
697 4108 1036 4210 juffiuficutinfra
1059 4113 1230 4197 habetur.
1703 4114 1741 4187 T
1734 4138 1774 4191 ‘s
1774 4155 1796 4174 ·
