<?xml version="1.0" encoding="UTF-8"?>
<!DOCTYPE html PUBLIC "-//W3C//DTD XHTML 1.0 Transitional//EN"
    "http://www.w3.org/TR/xhtml1/DTD/xhtml1-transitional.dtd">
<html xmlns="http://www.w3.org/1999/xhtml" xml:lang="en" lang="en">
 <head>
  <title>
</title>
<meta http-equiv="Content-Type" content="text/html;charset=utf-8" />
  <meta name='ocr-system' content='tesseract 3.04.00' />
  <meta name='ocr-capabilities' content='ocr_page ocr_carea ocr_par ocr_line ocrx_word'/>
</head>
<body>
  <div class='ocr_page' id='page_1' title='image "./codexprincipiso00egyegoog_0503.png"; bbox 0 0 4000 5417; ppageno 0'>
   <div class='ocr_carea' id='block_1_1' title="bbox 530 407 1474 520">
    <p class='ocr_par' dir='ltr' id='par_1_1' title="bbox 530 407 1474 520">
     <span class='ocr_line' id='line_1_1' title="bbox 530 407 1474 520; baseline 0 -30"><span class='ocrx_word' id='word_1_1' title='bbox 530 435 585 491; x_wconf 81' lang='lat' dir='ltr'>ru</span> <span class='ocrx_word' id='word_1_2' title='bbox 614 433 743 490; x_wconf 76' lang='lat' dir='ltr'>eaeo</span> <span class='ocrx_word' id='word_1_3' title='bbox 765 407 1166 520; x_wconf 73' lang='lat' dir='ltr'>Lonopnnnus1.f</span> <span class='ocrx_word' id='word_1_4' title='bbox 1397 418 1474 515; x_wconf 77' lang='lat'>463</span> 
     </span>
    </p>
   </div>
   <div class='ocr_carea' id='block_1_2' title="bbox 199 611 379 654">
    <p class='ocr_par' dir='ltr' id='par_1_2' title="bbox 199 611 379 654">
     <span class='ocr_line' id='line_1_2' title="bbox 199 611 379 654; baseline -0.017 0"><span class='ocrx_word' id='word_1_5' title='bbox 199 611 379 654; x_wconf 63' lang='grc' dir='ltr'>..ὲ-...-</span> 
     </span>
    </p>
   </div>
   <div class='ocr_carea' id='block_1_3' title="bbox 38 714 1659 1632">
    <p class='ocr_par' dir='ltr' id='par_1_3' title="bbox 38 714 1659 1632">
     <span class='ocr_line' id='line_1_3' title="bbox 199 714 1474 820; baseline -0.002 -24"><span class='ocrx_word' id='word_1_6' title='bbox 199 735 322 820; x_wconf 90' lang='lat' dir='ltr'>tyrem</span> <span class='ocrx_word' id='word_1_7' title='bbox 336 714 539 800; x_wconf 82' lang='lat' dir='ltr'>Nazarium</span> <span class='ocrx_word' id='word_1_8' title='bbox 561 719 697 798; x_wconf 89' lang='lat' dir='ltr'>tradidi</span> <span class='ocrx_word' id='word_1_9' title='bbox 730 720 791 796; x_wconf 87' lang='lat' dir='ltr'>vel</span> <span class='ocrx_word' id='word_1_10' title='bbox 821 719 927 798; x_wconf 87' lang='lat' dir='ltr'>vobis</span> <span class='ocrx_word' id='word_1_11' title='bbox 949 717 1212 816; x_wconf 84' lang='lat' dir='ltr'>perpetualiter</span> <span class='ocrx_word' id='word_1_12' title='bbox 1229 717 1278 796; x_wconf 88' lang='lat' dir='ltr'>ad</span> <span class='ocrx_word' id='word_1_13' title='bbox 1301 717 1474 818; x_wconf 82' lang='lat' dir='ltr'>poffiden·</span> 
     </span>
     <span class='ocr_line' id='line_1_4' title="bbox 200 819 1473 920; baseline -0.004 -20"><span class='ocrx_word' id='word_1_14' title='bbox 200 827 304 900; x_wconf 87' lang='lat' dir='ltr'>dum.</span> <span class='ocrx_word' id='word_1_15' title='bbox 365 823 406 900; x_wconf 92' lang='lat' dir='ltr'>Si</span> <span class='ocrx_word' id='word_1_16' title='bbox 435 822 520 920; x_wconf 89' lang='lat' dir='ltr'>quis</span> <span class='ocrx_word' id='word_1_17' title='bbox 540 820 646 901; x_wconf 72' lang='lat' dir='ltr'>‚hauc</span> <span class='ocrx_word' id='word_1_18' title='bbox 674 819 914 912; x_wconf 82' lang='lat' dir='ltr'>donationem</span> <span class='ocrx_word' id='word_1_19' title='bbox 942 819 1145 916; x_wconf 85' lang='lat' dir='ltr'>infringere</span> <span class='ocrx_word' id='word_1_20' title='bbox 1174 821 1358 910; x_wconf 86' lang='lat' dir='ltr'>voiuerit,</span> <span class='ocrx_word' id='word_1_21' title='bbox 1392 820 1473 895; x_wconf 89' lang='lat' dir='ltr'>auri</span> 
     </span>
     <span class='ocr_line' id='line_1_5' title="bbox 198 919 1471 1022; baseline -0.005 -20"><span class='ocrx_word' id='word_1_22' title='bbox 198 919 313 1002; x_wconf 85' lang='lat' dir='ltr'>libras</span> <span class='ocrx_word' id='word_1_23' title='bbox 337 937 481 1012; x_wconf 80' lang='lat' dir='ltr'>tantae,</span> <span class='ocrx_word' id='word_1_24' title='bbox 508 924 568 1001; x_wconf 91' lang='lat' dir='ltr'>vel</span> <span class='ocrx_word' id='word_1_25' title='bbox 591 937 749 1021; x_wconf 89' lang='lat' dir='ltr'>quantas</span> <span class='ocrx_word' id='word_1_26' title='bbox 770 922 847 1021; x_wconf 89' lang='lat' dir='ltr'>ipsa</span> <span class='ocrx_word' id='word_1_27' title='bbox 867 944 925 997; x_wconf 89' lang='lat' dir='ltr'>res</span> <span class='ocrx_word' id='word_1_28' title='bbox 947 945 991 996; x_wconf 86' lang='lat' dir='ltr'>eo</span> <span class='ocrx_word' id='word_1_29' title='bbox 1013 937 1177 1022; x_wconf 86' lang='lat' dir='ltr'>tempore</span> <span class='ocrx_word' id='word_1_30' title='bbox 1198 924 1391 998; x_wconf 87' lang='lat' dir='ltr'>meliorata</span> <span class='ocrx_word' id='word_1_31' title='bbox 1405 945 1471 997; x_wconf 88' lang='lat' dir='ltr'>va·</span> 
     </span>
     <span class='ocr_line' id='line_1_6' title="bbox 201 1023 1475 1124; baseline -0.003 -20"><span class='ocrx_word' id='word_1_32' title='bbox 201 1027 337 1114; x_wconf 88' lang='lat' dir='ltr'>luerit,</span> <span class='ocrx_word' id='word_1_33' title='bbox 371 1026 410 1102; x_wconf 74' lang='grc' dir='ltr'>δι</span> <span class='ocrx_word' id='word_1_34' title='bbox 437 1026 519 1104; x_wconf 69' lang='lat' dir='ltr'>haec</span> <span class='ocrx_word' id='word_1_35' title='bbox 540 1027 704 1104; x_wconf 74' lang='lat' dir='ltr'>venditio</span> <span class='ocrx_word' id='word_1_36' title='bbox 728 1023 836 1100; x_wconf 86' lang='lat' dir='ltr'>firma</span> <span class='ocrx_word' id='word_1_37' title='bbox 863 1023 902 1100; x_wconf 80' lang='lat' dir='ltr'>dc</span> <span class='ocrx_word' id='word_1_38' title='bbox 931 1023 1068 1099; x_wconf 86' lang='lat' dir='ltr'>stabilis</span> <span class='ocrx_word' id='word_1_39' title='bbox 1092 1039 1306 1124; x_wconf 88' lang='lat' dir='ltr'>permaneat</span> <span class='ocrx_word' id='word_1_40' title='bbox 1327 1023 1475 1123; x_wconf 77' lang='lat' dir='ltr'>stipula·</span> 
     </span>
     <span class='ocr_line' id='line_1_7' title="bbox 68 1121 1659 1226; baseline 0.003 -21"><span class='ocrx_word' id='word_1_41' title='bbox 68 1215 72 1220; x_wconf 18' lang='lat'>⁵</span> <span class='ocrx_word' id='word_1_42' title='bbox 199 1128 300 1206; x_wconf 89' lang='lat' dir='ltr'>tione</span> <span class='ocrx_word' id='word_1_43' title='bbox 326 1127 514 1204; x_wconf 66' lang='lat' dir='ltr'>subnixa:</span> <span class='ocrx_word' id='word_1_44' title='bbox 550 1125 688 1204; x_wconf 78' lang='lat' dir='ltr'>Atium</span> <span class='ocrx_word' id='word_1_45' title='bbox 711 1126 750 1200; x_wconf 90' lang='lat' dir='ltr'>in</span> <span class='ocrx_word' id='word_1_46' title='bbox 773 1121 990 1200; x_wconf 82' lang='lat' dir='ltr'>monasterio</span> <span class='ocrx_word' id='word_1_47' title='bbox 1012 1126 1227 1202; x_wconf 65' lang='lat' dir='ltr'>moutam</span> <span class='ocrx_word' id='word_1_48' title='bbox 1249 1129 1321 1205; x_wconf 86' lang='lat' dir='ltr'>XV</span> <span class='ocrx_word' id='word_1_49' title='bbox 1342 1127 1470 1202; x_wconf 80' lang='lat' dir='ltr'>kalen·</span> <span class='ocrx_word' id='word_1_50' title='bbox 1501 1159 1554 1226; x_wconf 80' lang='lat'>15.</span> <span class='ocrx_word' id='word_1_51' title='bbox 1570 1139 1659 1210; x_wconf 76' lang='lat' dir='ltr'>febr.</span> 
     </span>
     <span class='ocr_line' id='line_1_8' title="bbox 38 1225 1637 1326; baseline -0.001 -20"><span class='ocrx_word' id='word_1_52' title='bbox 38 1241 42 1251; x_wconf 79' lang='grc'><strong>“</strong></span> <span class='ocrx_word' id='word_1_53' title='bbox 198 1229 268 1306; x_wconf 86' lang='lat' dir='ltr'>das</span> <span class='ocrx_word' id='word_1_54' title='bbox 287 1229 438 1319; x_wconf 84' lang='lat' dir='ltr'>Martii,</span> <span class='ocrx_word' id='word_1_55' title='bbox 471 1253 568 1306; x_wconf 86' lang='lat' dir='ltr'>armo</span> <span class='ocrx_word' id='word_1_56' title='bbox 590 1231 626 1306; x_wconf 91' lang='lat' dir='ltr'>X</span> <span class='ocrx_word' id='word_1_57' title='bbox 648 1228 752 1326; x_wconf 86' lang='lat' dir='ltr'>regni</span> <span class='ocrx_word' id='word_1_58' title='bbox 774 1225 914 1302; x_wconf 92' lang='lat' dir='ltr'>domini</span> <span class='ocrx_word' id='word_1_59' title='bbox 941 1226 1051 1302; x_wconf 84' lang='lat' dir='ltr'>nostri</span> <span class='ocrx_word' id='word_1_60' title='bbox 1072 1230 1201 1304; x_wconf 85' lang='lat' dir='ltr'>Karoli</span> <span class='ocrx_word' id='word_1_61' title='bbox 1219 1231 1328 1326; x_wconf 83' lang='lat' dir='ltr'>regis.</span> <span class='ocrx_word' id='word_1_62' title='bbox 1385 1230 1471 1324; x_wconf 52' lang='lat' dir='ltr'>sig*</span> <span class='ocrx_word' id='word_1_63' title='bbox 1633 1299 1637 1304; x_wconf 80' lang='lat'><em>.</em></span> 
     </span>
     <span class='ocr_line' id='line_1_9' title="bbox 199 1329 1472 1430; baseline -0.002 -22"><span class='ocrx_word' id='word_1_64' title='bbox 199 1353 292 1408; x_wconf 89' lang='lat' dir='ltr'>num</span> <span class='ocrx_word' id='word_1_65' title='bbox 312 1331 509 1419; x_wconf 88' lang='lat' dir='ltr'>Rudberti,</span> <span class='ocrx_word' id='word_1_66' title='bbox 533 1331 597 1430; x_wconf 89' lang='lat' dir='ltr'>qui</span> <span class='ocrx_word' id='word_1_67' title='bbox 619 1329 717 1408; x_wconf 81' lang='lat' dir='ltr'>hanc</span> <span class='ocrx_word' id='word_1_68' title='bbox 738 1329 975 1405; x_wconf 87' lang='lat' dir='ltr'>donationem</span> <span class='ocrx_word' id='word_1_69' title='bbox 996 1329 1075 1405; x_wconf 88' lang='lat' dir='ltr'>fieri</span> <span class='ocrx_word' id='word_1_70' title='bbox 1095 1329 1134 1406; x_wconf 74' lang='grc' dir='ltr'>δι</span> <span class='ocrx_word' id='word_1_71' title='bbox 1155 1329 1295 1412; x_wconf 85' lang='lat' dir='ltr'>firmari</span> <span class='ocrx_word' id='word_1_72' title='bbox 1315 1332 1472 1426; x_wconf 79' lang='lat' dir='ltr'>rogavit,</span> 
     </span>
     <span class='ocr_line' id='line_1_10' title="bbox 198 1427 1472 1527; baseline 0.001 -19"><span class='ocrx_word' id='word_1_73' title='bbox 198 1431 344 1527; x_wconf 77' lang='lat' dir='ltr'>signum</span> <span class='ocrx_word' id='word_1_74' title='bbox 370 1432 542 1521; x_wconf 81' lang='lat' dir='ltr'>warini,</span> <span class='ocrx_word' id='word_1_75' title='bbox 575 1427 756 1519; x_wconf 67' lang='lat' dir='ltr'>Tutonis*,</span> <span class='ocrx_word' id='word_1_76' title='bbox 791 1431 1013 1520; x_wconf 89' lang='lat' dir='ltr'>Gumberti,</span> <span class='ocrx_word' id='word_1_77' title='bbox 1054 1431 1213 1523; x_wconf 74' lang='lat' dir='ltr'>urlufi,</span> <span class='ocrx_word' id='word_1_78' title='bbox 1252 1433 1472 1522; x_wconf 81' lang='lat' dir='ltr'>Trndbaldi,</span> 
     </span>
     <span class='ocr_line' id='line_1_11' title="bbox 199 1530 1026 1632; baseline 0 -22"><span class='ocrx_word' id='word_1_79' title='bbox 199 1531 416 1631; x_wconf 80' lang='lat' dir='ltr'>Agisberti,</span> <span class='ocrx_word' id='word_1_80' title='bbox 441 1535 646 1618; x_wconf 77' lang='lat' dir='ltr'>Lamberti.</span> <span class='ocrx_word' id='word_1_81' title='bbox 696 1530 852 1612; x_wconf 86' lang='lat' dir='ltr'>Samson</span> <span class='ocrx_word' id='word_1_82' title='bbox 879 1531 1026 1632; x_wconf 82' lang='lat' dir='ltr'>scripsrt.</span> 
     </span>
    </p>
   </div>
   <div class='ocr_carea' id='block_1_4' title="bbox 683 1732 982 1836">
    <p class='ocr_par' dir='ltr' id='par_1_4' title="bbox 683 1732 982 1836">
     <span class='ocr_line' id='line_1_12' title="bbox 683 1732 982 1836; baseline -0.02 -12"><span class='ocrx_word' id='word_1_83' title='bbox 683 1732 982 1836; x_wconf 86' lang='lat' dir='ltr'><strong>CCCCLVIII.</strong></span> 
     </span>
    </p>
   </div>
   <div class='ocr_carea' id='block_1_5' title="bbox 410 1842 1236 1940">
    <p class='ocr_par' dir='ltr' id='par_1_5' title="bbox 410 1842 1236 1940">
     <span class='ocr_line' id='line_1_13' title="bbox 410 1842 1236 1940; baseline -0.005 -3"><span class='ocrx_word' id='word_1_84' title='bbox 410 1843 610 1937; x_wconf 77' lang='lat' dir='ltr'>¹Domitio</span> <span class='ocrx_word' id='word_1_85' title='bbox 639 1845 855 1940; x_wconf 79' lang='lat' dir='ltr'>Ruotberti</span> <span class='ocrx_word' id='word_1_86' title='bbox 883 1845 924 1934; x_wconf 81' lang='lat' dir='ltr'>ia</span> <span class='ocrx_word' id='word_1_87' title='bbox 958 1842 1236 1935; x_wconf 78' lang='lat' dir='ltr'>Ulomisieim.</span> 
     </span>
    </p>
   </div>
   <div class='ocr_carea' id='block_1_6' title="bbox 184 1975 1659 3587">
    <p class='ocr_par' dir='ltr' id='par_1_6' title="bbox 199 1975 1474 2116">
     <span class='ocr_line' id='line_1_14' title="bbox 199 1975 1474 2116; baseline 0.002 -62"><span class='ocrx_word' id='word_1_88' title='bbox 199 1985 305 2116; x_wconf 80' lang='lat' dir='ltr'>ltem</span> <span class='ocrx_word' id='word_1_89' title='bbox 327 1977 424 2054; x_wconf 87' lang='lat' dir='ltr'>anno</span> <span class='ocrx_word' id='word_1_90' title='bbox 446 1979 578 2056; x_wconf 89' lang='lat' dir='ltr'>eodem</span> <span class='ocrx_word' id='word_1_91' title='bbox 592 2003 661 2077; x_wconf 82' lang='lat' dir='ltr'>ego</span> <span class='ocrx_word' id='word_1_92' title='bbox 679 1980 885 2057; x_wconf 87' lang='lat' dir='ltr'>Rutbertus</span> <span class='ocrx_word' id='word_1_93' title='bbox 899 2001 965 2078; x_wconf 88' lang='lat' dir='ltr'>pro</span> <span class='ocrx_word' id='word_1_94' title='bbox 980 1978 1105 2054; x_wconf 87' lang='lat' dir='ltr'>anima</span> <span class='ocrx_word' id='word_1_95' title='bbox 1120 1979 1239 2076; x_wconf 90' lang='lat' dir='ltr'>patris</span> <span class='ocrx_word' id='word_1_96' title='bbox 1255 1975 1330 2053; x_wconf 90' lang='lat' dir='ltr'>mei</span> <span class='ocrx_word' id='word_1_97' title='bbox 1355 1978 1474 2055; x_wconf 90' lang='lat' dir='ltr'>Gum-</span> 
     </span>
    </p>

    <p class='ocr_par' dir='ltr' id='par_1_7' title="bbox 184 2076 1659 3587">
     <span class='ocr_line' id='line_1_15' title="bbox 252 2076 1474 2178; baseline 0.003 -24"><span class='ocrx_word' id='word_1_98' title='bbox 252 2079 347 2155; x_wconf 89' lang='lat' dir='ltr'>berti</span> <span class='ocrx_word' id='word_1_99' title='bbox 371 2079 468 2155; x_wconf 91' lang='lat' dir='ltr'>dono</span> <span class='ocrx_word' id='word_1_100' title='bbox 490 2084 538 2158; x_wconf 89' lang='lat' dir='ltr'>ad</span> <span class='ocrx_word' id='word_1_101' title='bbox 555 2082 722 2158; x_wconf 76' lang='lat' dir='ltr'>&#39;santium</span> <span class='ocrx_word' id='word_1_102' title='bbox 744 2081 814 2158; x_wconf 92' lang='lat' dir='ltr'>Dei</span> <span class='ocrx_word' id='word_1_103' title='bbox 838 2095 1044 2178; x_wconf 85' lang='lat' dir='ltr'>martyrem</span> <span class='ocrx_word' id='word_1_104' title='bbox 1066 2079 1112 2155; x_wconf 92' lang='lat' dir='ltr'>N.</span> <span class='ocrx_word' id='word_1_105' title='bbox 1137 2080 1202 2176; x_wconf 92' lang='lat' dir='ltr'>qui</span> <span class='ocrx_word' id='word_1_106' title='bbox 1222 2076 1415 2176; x_wconf 85' lang='lat' dir='ltr'>requiescit</span> <span class='ocrx_word' id='word_1_107' title='bbox 1433 2082 1474 2158; x_wconf 92' lang='lat' dir='ltr'>in</span> 
     </span>
     <span class='ocr_line' id='line_1_16' title="bbox 201 2180 1472 2281; baseline 0.004 -28"><span class='ocrx_word' id='word_1_108' title='bbox 201 2201 351 2278; x_wconf 85' lang='lat' dir='ltr'>corpore</span> <span class='ocrx_word' id='word_1_109' title='bbox 379 2182 419 2255; x_wconf 93' lang='lat' dir='ltr'>in</span> <span class='ocrx_word' id='word_1_110' title='bbox 439 2207 535 2280; x_wconf 86' lang='lat' dir='ltr'>pago</span> <span class='ocrx_word' id='word_1_111' title='bbox 555 2182 729 2271; x_wconf 87' lang='lat' dir='ltr'>Rinensr,</span> <span class='ocrx_word' id='word_1_112' title='bbox 761 2183 801 2258; x_wconf 91' lang='lat' dir='ltr'>in</span> <span class='ocrx_word' id='word_1_113' title='bbox 822 2182 1042 2258; x_wconf 90' lang='lat' dir='ltr'>monasterio</span> <span class='ocrx_word' id='word_1_114' title='bbox 1073 2180 1332 2280; x_wconf 74' lang='lat' dir='ltr'>Lauresham‚</span> <span class='ocrx_word' id='word_1_115' title='bbox 1367 2182 1472 2281; x_wconf 89' lang='lat' dir='ltr'>super</span> 
     </span>
     <span class='ocr_line' id='line_1_17' title="bbox 198 2281 1474 2378; baseline 0.002 -20"><span class='ocrx_word' id='word_1_116' title='bbox 198 2281 355 2358; x_wconf 86' lang='lat' dir='ltr'>fluvium</span> <span class='ocrx_word' id='word_1_117' title='bbox 377 2282 532 2362; x_wconf 83' lang='lat' dir='ltr'>Wiiicoz</span> <span class='ocrx_word' id='word_1_118' title='bbox 554 2283 639 2371; x_wconf 84' lang='lat' dir='ltr'>fito,</span> <span class='ocrx_word' id='word_1_119' title='bbox 677 2285 736 2360; x_wconf 86' lang='lat' dir='ltr'>vei</span> <span class='ocrx_word' id='word_1_120' title='bbox 766 2285 815 2359; x_wconf 88' lang='lat' dir='ltr'>ad</span> <span class='ocrx_word' id='word_1_121' title='bbox 836 2285 940 2359; x_wconf 85' lang='lat' dir='ltr'>illam</span> <span class='ocrx_word' id='word_1_122' title='bbox 964 2282 1124 2359; x_wconf 76' lang='lat' dir='ltr'>santiam</span> <span class='ocrx_word' id='word_1_123' title='bbox 1148 2283 1474 2378; x_wconf 81' lang='lat' dir='ltr'>congregationem</span> 
     </span>
     <span class='ocr_line' id='line_1_18' title="bbox 200 2380 1476 2482; baseline 0.007 -29"><span class='ocrx_word' id='word_1_124' title='bbox 200 2380 486 2476; x_wconf 82' lang='lat' dir='ltr'>monachornm,</span> <span class='ocrx_word' id='word_1_125' title='bbox 513 2407 599 2482; x_wconf 85' lang='lat' dir='ltr'>quae</span> <span class='ocrx_word' id='word_1_126' title='bbox 619 2383 758 2460; x_wconf 89' lang='lat' dir='ltr'>ibidem</span> <span class='ocrx_word' id='word_1_127' title='bbox 774 2385 855 2461; x_wconf 89' lang='lat' dir='ltr'>Deo</span> <span class='ocrx_word' id='word_1_128' title='bbox 868 2385 1000 2460; x_wconf 87' lang='lat' dir='ltr'>servire</span> <span class='ocrx_word' id='word_1_129' title='bbox 1024 2383 1193 2472; x_wconf 85' lang='lat' dir='ltr'>videtur,</span> <span class='ocrx_word' id='word_1_130' title='bbox 1208 2383 1273 2458; x_wconf 93' lang='lat' dir='ltr'>ubi</span> <span class='ocrx_word' id='word_1_131' title='bbox 1294 2385 1351 2460; x_wconf 88' lang='lat' dir='ltr'>vir</span> <span class='ocrx_word' id='word_1_132' title='bbox 1365 2409 1476 2462; x_wconf 84' lang='lat' dir='ltr'>vene·</span> 
     </span>
     <span class='ocr_line' id='line_1_19' title="bbox 196 2480 1479 2585; baseline 0.003 -26"><span class='ocrx_word' id='word_1_133' title='bbox 196 2481 324 2559; x_wconf 86' lang='lat' dir='ltr'>rabilis</span> <span class='ocrx_word' id='word_1_134' title='bbox 351 2480 619 2561; x_wconf 89' lang='lat' dir='ltr'>Gundelandus</span> <span class='ocrx_word' id='word_1_135' title='bbox 649 2485 745 2562; x_wconf 87' lang='lat' dir='ltr'>abba</span> <span class='ocrx_word' id='word_1_136' title='bbox 771 2487 916 2585; x_wconf 74' lang='lat' dir='ltr'>praecise</span> <span class='ocrx_word' id='word_1_137' title='bbox 946 2485 1193 2582; x_wconf 87' lang='lat' dir='ltr'>dignoscitur,</span> <span class='ocrx_word' id='word_1_138' title='bbox 1226 2485 1479 2583; x_wconf 88' lang='lat' dir='ltr'>donatumque</span> 
     </span>
     <span class='ocr_line' id='line_1_20' title="bbox 197 2582 1479 2688; baseline 0.005 -30"><span class='ocrx_word' id='word_1_139' title='bbox 197 2582 238 2658; x_wconf 91' lang='lat' dir='ltr'>in</span> <span class='ocrx_word' id='word_1_140' title='bbox 259 2599 477 2682; x_wconf 89' lang='lat' dir='ltr'>perpetuum</span> <span class='ocrx_word' id='word_1_141' title='bbox 497 2585 568 2662; x_wconf 80' lang='lat' dir='ltr'>esse</span> <span class='ocrx_word' id='word_1_142' title='bbox 594 2587 707 2677; x_wconf 89' lang='lat' dir='ltr'>volo,</span> <span class='ocrx_word' id='word_1_143' title='bbox 733 2585 772 2666; x_wconf 89' lang='lat'>&amp;</span> <span class='ocrx_word' id='word_1_144' title='bbox 795 2585 1057 2688; x_wconf 86' lang='lat' dir='ltr'>promptiffima</span> <span class='ocrx_word' id='word_1_145' title='bbox 1079 2587 1271 2663; x_wconf 87' lang='lat' dir='ltr'>voluntate</span> <span class='ocrx_word' id='word_1_146' title='bbox 1289 2585 1479 2678; x_wconf 89' lang='lat' dir='ltr'>confirmo,</span> 
     </span>
     <span class='ocr_line' id='line_1_21' title="bbox 199 2681 1480 2788; baseline 0.007 -30"><span class='ocrx_word' id='word_1_147' title='bbox 199 2681 271 2758; x_wconf 89' lang='lat' dir='ltr'>hoc</span> <span class='ocrx_word' id='word_1_148' title='bbox 296 2683 364 2771; x_wconf 83' lang='lat' dir='ltr'>eii,</span> <span class='ocrx_word' id='word_1_149' title='bbox 389 2707 467 2776; x_wconf 90' lang='lat' dir='ltr'>res,</span> <span class='ocrx_word' id='word_1_150' title='bbox 495 2709 589 2784; x_wconf 88' lang='lat' dir='ltr'>quas</span> <span class='ocrx_word' id='word_1_151' title='bbox 605 2687 677 2786; x_wconf 86' lang='lat' dir='ltr'>ipse</span> <span class='ocrx_word' id='word_1_152' title='bbox 692 2703 797 2788; x_wconf 90' lang='lat' dir='ltr'>pater</span> <span class='ocrx_word' id='word_1_153' title='bbox 812 2712 920 2768; x_wconf 89' lang='lat' dir='ltr'>meus</span> <span class='ocrx_word' id='word_1_154' title='bbox 942 2687 1037 2765; x_wconf 89' lang='lat' dir='ltr'>mihi</span> <span class='ocrx_word' id='word_1_155' title='bbox 1059 2688 1210 2765; x_wconf 86' lang='lat' dir='ltr'>tradidit</span> <span class='ocrx_word' id='word_1_156' title='bbox 1231 2686 1393 2788; x_wconf 90' lang='lat' dir='ltr'>superius</span> <span class='ocrx_word' id='word_1_157' title='bbox 1413 2715 1480 2767; x_wconf 85' lang='lat' dir='ltr'>no·</span> 
     </span>
     <span class='ocr_line' id='line_1_22' title="bbox 202 2781 1481 2900; baseline 0.01 -43"><span class='ocrx_word' id='word_1_158' title='bbox 202 2781 369 2896; x_wconf 78' lang='lat' dir='ltr'>minatus</span> <span class='ocrx_word' id='word_1_159' title='bbox 399 2785 439 2860; x_wconf 91' lang='lat' dir='ltr'>in</span> <span class='ocrx_word' id='word_1_160' title='bbox 465 2811 559 2900; x_wconf 73' lang='lat' dir='ltr'>pago</span> <span class='ocrx_word' id='word_1_161' title='bbox 581 2787 833 2886; x_wconf 77' lang='lat' dir='ltr'>Lobodoninse,</span> <span class='ocrx_word' id='word_1_162' title='bbox 865 2791 904 2866; x_wconf 92' lang='lat' dir='ltr'>in</span> <span class='ocrx_word' id='word_1_163' title='bbox 931 2789 1178 2878; x_wconf 80' lang='lat' dir='ltr'>Uluiniririm,</span> <span class='ocrx_word' id='word_1_164' title='bbox 1211 2787 1247 2886; x_wconf 85' lang='lat' dir='ltr'>vj</span> <span class='ocrx_word' id='word_1_165' title='bbox 1270 2791 1388 2866; x_wconf 88' lang='lat' dir='ltr'>hobas</span> <span class='ocrx_word' id='word_1_166' title='bbox 1418 2792 1481 2870; x_wconf 88' lang='lat' dir='ltr'>vel</span> 
     </span>
     <span class='ocr_line' id='line_1_23' title="bbox 202 2879 1481 2980; baseline 0.013 -29"><span class='ocrx_word' id='word_1_167' title='bbox 202 2879 385 2977; x_wconf 79' lang='lat' dir='ltr'>quidqurd</span> <span class='ocrx_word' id='word_1_168' title='bbox 407 2883 445 2955; x_wconf 92' lang='lat' dir='ltr'>in</span> <span class='ocrx_word' id='word_1_169' title='bbox 467 2885 542 2980; x_wconf 86' lang='lat' dir='ltr'>lpsa</span> <span class='ocrx_word' id='word_1_170' title='bbox 555 2907 681 2960; x_wconf 90' lang='lat' dir='ltr'>marca</span> <span class='ocrx_word' id='word_1_171' title='bbox 703 2887 841 2973; x_wconf 85' lang='lat' dir='ltr'>habere</span> <span class='ocrx_word' id='word_1_172' title='bbox 864 2889 962 2966; x_wconf 89' lang='lat' dir='ltr'>visus</span> <span class='ocrx_word' id='word_1_173' title='bbox 982 2891 1075 2976; x_wconf 82' lang='lat' dir='ltr'>fuit,</span> <span class='ocrx_word' id='word_1_174' title='bbox 1101 2902 1181 2964; x_wconf 89' lang='lat' dir='ltr'>tam</span> <span class='ocrx_word' id='word_1_175' title='bbox 1203 2891 1356 2979; x_wconf 87' lang='lat' dir='ltr'>manfis,</span> <span class='ocrx_word' id='word_1_176' title='bbox 1377 2915 1481 2968; x_wconf 86' lang='lat' dir='ltr'>cam·</span> 
     </span>
     <span class='ocr_line' id='line_1_24' title="bbox 202 2979 1659 3090; baseline 0.011 -35"><span class='ocrx_word' id='word_1_177' title='bbox 202 2979 279 3090; x_wconf 81' lang='lat' dir='ltr'>pis,</span> <span class='ocrx_word' id='word_1_178' title='bbox 305 2979 438 3080; x_wconf 89' lang='lat' dir='ltr'>pratis,</span> <span class='ocrx_word' id='word_1_179' title='bbox 464 2981 626 3080; x_wconf 89' lang='lat' dir='ltr'>pascuis,</span> <span class='ocrx_word' id='word_1_180' title='bbox 651 2987 805 3086; x_wconf 88' lang='lat' dir='ltr'>perviis,</span> <span class='ocrx_word' id='word_1_181' title='bbox 832 2991 967 3088; x_wconf 73' lang='lat' dir='ltr'>aquiS,</span> <span class='ocrx_word' id='word_1_182' title='bbox 999 2994 1227 3088; x_wconf 78' lang='lat' dir='ltr'>aquarumve</span> <span class='ocrx_word' id='word_1_183' title='bbox 1250 2991 1477 3084; x_wconf 76' lang='lat' dir='ltr'>decursibus,</span> <span class='ocrx_word' id='word_1_184' title='bbox 1610 3029 1616 3034; x_wconf 95' lang='lat'>·</span> <span class='ocrx_word' id='word_1_185' title='bbox 1656 3017 1659 3022; x_wconf 54' lang='lat'><strong><em>¹</em></strong></span> 
     </span>
     <span class='ocr_line' id='line_1_25' title="bbox 204 3083 1476 3198; baseline 0.01 -39"><span class='ocrx_word' id='word_1_186' title='bbox 204 3096 301 3198; x_wconf 75' lang='lat' dir='ltr'>terra</span> <span class='ocrx_word' id='word_1_187' title='bbox 318 3083 420 3160; x_wconf 86' lang='lat' dir='ltr'>culta</span> <span class='ocrx_word' id='word_1_188' title='bbox 453 3083 491 3160; x_wconf 75' lang='lat' dir='ltr'>dc</span> <span class='ocrx_word' id='word_1_189' title='bbox 516 3083 676 3198; x_wconf 78' lang='lat' dir='ltr'>inculta,</span> <span class='ocrx_word' id='word_1_190' title='bbox 701 3089 827 3166; x_wconf 90' lang='lat' dir='ltr'>omnia</span> <span class='ocrx_word' id='word_1_191' title='bbox 847 3090 886 3167; x_wconf 73' lang='grc' dir='ltr'>δι</span> <span class='ocrx_word' id='word_1_192' title='bbox 900 3114 946 3168; x_wconf 87' lang='lat' dir='ltr'>ex</span> <span class='ocrx_word' id='word_1_193' title='bbox 960 3091 1152 3182; x_wconf 91' lang='lat' dir='ltr'>omnibus,</span> <span class='ocrx_word' id='word_1_194' title='bbox 1178 3092 1276 3168; x_wconf 88' lang='lat' dir='ltr'>adie</span> <span class='ocrx_word' id='word_1_195' title='bbox 1297 3093 1476 3194; x_wconf 81' lang='lat' dir='ltr'>praesente</span> 
     </span>
     <span class='ocr_line' id='line_1_26' title="bbox 202 3185 1590 3285; baseline 0.003 -23"><span class='ocrx_word' id='word_1_196' title='bbox 202 3185 249 3262; x_wconf 88' lang='lat' dir='ltr'>de</span> <span class='ocrx_word' id='word_1_197' title='bbox 268 3207 351 3280; x_wconf 78' lang='lat' dir='ltr'>Jure</span> <span class='ocrx_word' id='word_1_198' title='bbox 372 3206 456 3259; x_wconf 89' lang='lat' dir='ltr'>meo</span> <span class='ocrx_word' id='word_1_199' title='bbox 477 3185 595 3282; x_wconf 74' lang='lat' dir='ltr'>injus</span> <span class='ocrx_word' id='word_1_200' title='bbox 617 3185 655 3264; x_wconf 78' lang='lat' dir='ltr'>dc</span> <span class='ocrx_word' id='word_1_201' title='bbox 677 3189 881 3270; x_wconf 88' lang='lat' dir='ltr'>dominium</span> <span class='ocrx_word' id='word_1_202' title='bbox 906 3192 1015 3270; x_wconf 77' lang='lat' dir='ltr'>santii</span> <span class='ocrx_word' id='word_1_203' title='bbox 1036 3193 1186 3269; x_wconf 83' lang='lat' dir='ltr'>Nazarii</span> <span class='ocrx_word' id='word_1_204' title='bbox 1218 3195 1339 3285; x_wconf 91' lang='lat' dir='ltr'>dono,</span> <span class='ocrx_word' id='word_1_205' title='bbox 1372 3200 1479 3273; x_wconf 84' lang='lat' dir='ltr'>trado</span> <span class='ocrx_word' id='word_1_206' title='bbox 1585 3259 1590 3266; x_wconf 88' lang='lat'>.</span> 
     </span>
     <span class='ocr_line' id='line_1_27' title="bbox 204 3287 1479 3394; baseline 0.006 -32"><span class='ocrx_word' id='word_1_207' title='bbox 204 3299 316 3384; x_wconf 89' lang='lat' dir='ltr'>atque</span> <span class='ocrx_word' id='word_1_208' title='bbox 348 3287 592 3377; x_wconf 82' lang='lat' dir='ltr'>transfundo,</span> <span class='ocrx_word' id='word_1_209' title='bbox 627 3287 710 3379; x_wconf 89' lang='lat' dir='ltr'>ita,</span> <span class='ocrx_word' id='word_1_210' title='bbox 745 3306 788 3370; x_wconf 90' lang='lat' dir='ltr'>ut</span> <span class='ocrx_word' id='word_1_211' title='bbox 810 3296 980 3394; x_wconf 87' lang='lat' dir='ltr'>deinceps</span> <span class='ocrx_word' id='word_1_212' title='bbox 1005 3295 1175 3374; x_wconf 88' lang='lat' dir='ltr'>habeatis</span> <span class='ocrx_word' id='word_1_213' title='bbox 1193 3292 1276 3392; x_wconf 90' lang='lat' dir='ltr'>jure</span> <span class='ocrx_word' id='word_1_214' title='bbox 1298 3297 1479 3385; x_wconf 84' lang='lat' dir='ltr'>habendi,</span> 
     </span>
     <span class='ocr_line' id='line_1_28' title="bbox 184 3388 1481 3496; baseline 0.01 -34"><span class='ocrx_word' id='word_1_215' title='bbox 184 3388 372 3482; x_wconf 64' lang='lat' dir='ltr'>tenendi,</span> <span class='ocrx_word' id='word_1_216' title='bbox 397 3389 577 3476; x_wconf 89' lang='lat' dir='ltr'>donandi,</span> <span class='ocrx_word' id='word_1_217' title='bbox 612 3397 887 3485; x_wconf 88' lang='lat' dir='ltr'>commutandi,</span> <span class='ocrx_word' id='word_1_218' title='bbox 921 3398 982 3474; x_wconf 88' lang='lat' dir='ltr'>vel</span> <span class='ocrx_word' id='word_1_219' title='bbox 1005 3397 1183 3496; x_wconf 89' lang='lat' dir='ltr'>quidquid</span> <span class='ocrx_word' id='word_1_220' title='bbox 1203 3397 1338 3473; x_wconf 89' lang='lat' dir='ltr'>exinde</span> <span class='ocrx_word' id='word_1_221' title='bbox 1359 3395 1481 3475; x_wconf 85' lang='lat' dir='ltr'>facere</span> 
     </span>
     <span class='ocr_line' id='line_1_29' title="bbox 204 3489 1480 3587; baseline 0.011 -27"><span class='ocrx_word' id='word_1_222' title='bbox 204 3510 270 3587; x_wconf 92' lang='lat' dir='ltr'>pro</span> <span class='ocrx_word' id='word_1_223' title='bbox 287 3489 448 3567; x_wconf 84' lang='lat' dir='ltr'>utilitate</span> <span class='ocrx_word' id='word_1_224' title='bbox 468 3490 629 3569; x_wconf 85' lang='lat' dir='ltr'>ecclefiae</span> <span class='ocrx_word' id='word_1_225' title='bbox 651 3493 908 3587; x_wconf 90' lang='lat' dir='ltr'>decreveritis,</span> <span class='ocrx_word' id='word_1_226' title='bbox 942 3497 1097 3572; x_wconf 84' lang='lat' dir='ltr'>liberam</span> <span class='ocrx_word' id='word_1_227' title='bbox 1121 3520 1164 3571; x_wconf 84' lang='lat' dir='ltr'>ac</span> <span class='ocrx_word' id='word_1_228' title='bbox 1186 3497 1421 3573; x_wconf 85' lang='lat' dir='ltr'>firmiffimam</span> <span class='ocrx_word' id='word_1_229' title='bbox 1440 3499 1480 3574; x_wconf 89' lang='lat' dir='ltr'>in</span> 
     </span>
    </p>
   </div>
   <div class='ocr_carea' id='block_1_7' title="bbox 202 3587 1722 4190">
    <p class='ocr_par' dir='ltr' id='par_1_8' title="bbox 204 3587 1610 3704">
     <span class='ocr_line' id='line_1_30' title="bbox 204 3587 1610 3704; baseline 0.011 -43"><span class='ocrx_word' id='word_1_230' title='bbox 204 3587 377 3704; x_wconf 78' lang='lat' dir='ltr'>omnibus</span> <span class='ocrx_word' id='word_1_231' title='bbox 407 3591 624 3690; x_wconf 19' lang='lat' dir='ltr'>potestatem,</span> <span class='ocrx_word' id='word_1_232' title='bbox 652 3595 833 3676; x_wconf 73' lang='lat' dir='ltr'>habeatis,</span> <span class='ocrx_word' id='word_1_233' title='bbox 886 3597 927 3676; x_wconf 88' lang='lat' dir='ltr'>si</span> <span class='ocrx_word' id='word_1_234' title='bbox 950 3599 1031 3694; x_wconf 82' lang='lat' dir='ltr'>quis</span> <span class='ocrx_word' id='word_1_235' title='bbox 1053 3620 1161 3686; x_wconf 85' lang='lat' dir='ltr'>vero,</span> <span class='ocrx_word' id='word_1_236' title='bbox 1187 3598 1287 3694; x_wconf 92' lang='lat' dir='ltr'>quod</span> <span class='ocrx_word' id='word_1_237' title='bbox 1309 3598 1479 3675; x_wconf 86' lang='lat' dir='ltr'>futurum</span> <span class='ocrx_word' id='word_1_238' title='bbox 1598 3629 1610 3638; x_wconf 83' lang='grc'><strong><em>·</em></strong></span> 
     </span>
    </p>

    <p class='ocr_par' dir='ltr' id='par_1_9' title="bbox 204 3688 1478 3805">
     <span class='ocr_line' id='line_1_31' title="bbox 204 3688 1478 3805; baseline 0.012 -42"><span class='ocrx_word' id='word_1_239' title='bbox 204 3688 273 3805; x_wconf 74' lang='lat' dir='ltr'>eise</span> <span class='ocrx_word' id='word_1_240' title='bbox 297 3691 450 3768; x_wconf 87' lang='lat' dir='ltr'>mmirne</span> <span class='ocrx_word' id='word_1_241' title='bbox 475 3695 606 3786; x_wconf 89' lang='lat' dir='ltr'>credo,</span> <span class='ocrx_word' id='word_1_242' title='bbox 637 3693 681 3776; x_wconf 56' lang='grc' dir='ltr'>ὅ</span> <span class='ocrx_word' id='word_1_243' title='bbox 705 3702 838 3798; x_wconf 79' lang='lat' dir='ltr'>reliqua</span> <span class='ocrx_word' id='word_1_244' title='bbox 862 3701 976 3773; x_wconf 81' lang='lat' dir='ltr'>omnio</span> <span class='ocrx_word' id='word_1_245' title='bbox 998 3721 1121 3796; x_wconf 78' lang='lat' dir='ltr'>usque:</span> <span class='ocrx_word' id='word_1_246' title='bbox 1146 3697 1376 3798; x_wconf 86' lang='lat' dir='ltr'>stipulatione</span> <span class='ocrx_word' id='word_1_247' title='bbox 1398 3701 1478 3778; x_wconf 87' lang='lat' dir='ltr'>iub·</span> 
     </span>
    </p>

    <p class='ocr_par' dir='ltr' id='par_1_10' title="bbox 203 3791 1722 4000">
     <span class='ocr_line' id='line_1_32' title="bbox 205 3791 1722 3913; baseline 0.015 -49"><span class='ocrx_word' id='word_1_248' title='bbox 205 3813 306 3865; x_wconf 84' lang='lat' dir='ltr'>nura.</span> <span class='ocrx_word' id='word_1_249' title='bbox 367 3791 504 3869; x_wconf 71' lang='lat' dir='ltr'>Atium</span> <span class='ocrx_word' id='word_1_250' title='bbox 536 3799 574 3874; x_wconf 92' lang='lat' dir='ltr'>in</span> <span class='ocrx_word' id='word_1_251' title='bbox 602 3801 819 3878; x_wconf 88' lang='lat' dir='ltr'>monasterio</span> <span class='ocrx_word' id='word_1_252' title='bbox 849 3801 1065 3875; x_wconf 69' lang='lat' dir='ltr'>Lauernium</span> <span class='ocrx_word' id='word_1_253' title='bbox 1091 3800 1180 3880; x_wconf 90' lang='lat' dir='ltr'><strong>Vlll</strong></span> <span class='ocrx_word' id='word_1_254' title='bbox 1209 3800 1294 3877; x_wconf 85' lang='lat' dir='ltr'>idus</span> <span class='ocrx_word' id='word_1_255' title='bbox 1327 3803 1481 3903; x_wconf 81' lang='lat' dir='ltr'>Aprilis.</span> <span class='ocrx_word' id='word_1_256' title='bbox 1516 3825 1647 3913; x_wconf 48' lang='lat' dir='ltr'>&amp;Ape</span> <span class='ocrx_word' id='word_1_257' title='bbox 1717 3868 1722 3876; x_wconf 84' lang='lat'>.</span> 
     </span>
     <span class='ocr_line' id='line_1_33' title="bbox 203 3890 1478 4000; baseline 0.014 -32"><span class='ocrx_word' id='word_1_258' title='bbox 203 3890 362 3988; x_wconf 85' lang='lat' dir='ltr'>Signum</span> <span class='ocrx_word' id='word_1_259' title='bbox 383 3895 582 3994; x_wconf 90' lang='lat' dir='ltr'>Rudperti,</span> <span class='ocrx_word' id='word_1_260' title='bbox 620 3903 683 3999; x_wconf 92' lang='lat' dir='ltr'>qui</span> <span class='ocrx_word' id='word_1_261' title='bbox 703 3905 801 3980; x_wconf 90' lang='lat' dir='ltr'>hanc</span> <span class='ocrx_word' id='word_1_262' title='bbox 817 3902 1054 3979; x_wconf 89' lang='lat' dir='ltr'>donationem</span> <span class='ocrx_word' id='word_1_263' title='bbox 1068 3902 1173 3992; x_wconf 84' lang='lat' dir='ltr'>fecit,</span> <span class='ocrx_word' id='word_1_264' title='bbox 1199 3901 1342 4000; x_wconf 77' lang='lat' dir='ltr'>signum</span> <span class='ocrx_word' id='word_1_265' title='bbox 1354 3906 1478 3985; x_wconf 88' lang='lat' dir='ltr'>Hildi·</span> 
     </span>
    </p>

    <p class='ocr_par' dir='ltr' id='par_1_11' title="bbox 202 3994 1326 4190">
     <span class='ocr_line' id='line_1_34' title="bbox 202 3994 1326 4190; baseline 0.011 -118"><span class='ocrx_word' id='word_1_266' title='bbox 202 3994 298 4094; x_wconf 65' lang='grc' dir='ltr'>μή,</span> <span class='ocrx_word' id='word_1_267' title='bbox 323 3995 352 4074; x_wconf 85' lang='lat' dir='ltr'>F</span> <span class='ocrx_word' id='word_1_268' title='bbox 353 3995 515 4076; x_wconf 86' lang='lat' dir='ltr'>rumoldi</span> <span class='ocrx_word' id='word_1_269' title='bbox 520 4051 534 4094; x_wconf 97' lang='lat'>,</span> <span class='ocrx_word' id='word_1_270' title='bbox 560 4001 723 4082; x_wconf 85' lang='lat' dir='ltr'>Geroldi.</span> <span class='ocrx_word' id='word_1_271' title='bbox 777 4005 861 4106; x_wconf 80' lang='lat' dir='ltr'>Ego</span> <span class='ocrx_word' id='word_1_272' title='bbox 876 4004 1085 4096; x_wconf 69' lang='lat' dir='ltr'>Grimariuoe</span> <span class='ocrx_word' id='word_1_273' title='bbox 1109 4004 1326 4190; x_wconf 59' lang='lat' dir='ltr'>icripg.CCC</span> 
     </span>
    </p>
   </div>
   <div class='ocr_carea' id='block_1_8' title="bbox 0 0 2009 5417">
    <p class='ocr_par' dir='ltr' id='par_1_12' title="bbox 0 0 2009 5417">
     <span class='ocr_line' id='line_1_35' title="bbox 0 0 2009 5417; baseline 0 0"><span class='ocrx_word' id='word_1_274' title='bbox 0 0 2009 5417; x_wconf 95' lang='lat' dir='ltr'> </span> 
     </span>
    </p>
   </div>
  </div>
 </body>
</html>
