4000 5417
559 415 635 506 ψ
1054 391 1411 472 Tarorrronns

1657 569 1830 597 -Ι--ο

1276 609 1830 642 *Q

561 703 626 780 ubi
640 701 697 777 vir
710 695 930 773 venerabilis
955 693 1220 771 Gundelandus
1235 692 1331 772 abba
1354 696 1672 794 praetendetur,
1688 731 1741 781 xr.
1758 705 1835 803 jur.

562 803 694 882 narde
708 797 1032 876 terraaraturiain
1061 794 1218 874 Wolaho
1267 808 1293 871 t.
1346 796 1469 874 Testes
1483 800 1746 899 Wegenleuzo,
1761 813 1835 886 Ge.

563 903 642 984 rolf
651 958 660 991 ,
687 902 945 1000 Engllbertus,
978 894 1164 988 Gethoh,
1224 897 1834 1008 ngldanz,A1bolf,·Regin01d,

395 1021 402 1032 “
562 1007 730 1104 wigger.

1092 1202 1396 1299 CCCCXCIV.

561 1335 742 1432 Duratio
758 1333 987 1430 Lamtbertt'
1009 1333 1051 1422 io
1077 1333 1206 1421 codem
1230 1331 1347 1440 villa,
1363 1335 1518 1426 Korolo
1542 1362 1648 1452 rege,
1680 1342 1832 1434 Gundg.
1936 1414 1937 1435 p

1046 1447 1164 1534 laudo
1190 1447 1344 1535 abbate.

563 1623 665 1757 Ego
678 1617 899 1695 Lambertus
913 1616 1013 1690 dono
1025 1635 1091 1713 pro
1111 1611 1274 1691 remedio
1290 1615 1426 1692 animae
1440 1620 1608 1715 germani
1624 1622 1696 1696 mei
1715 1619 1830 1718 Agis·

642 1721 735 1796 berti
751 1718 791 1796 ἃ
806 1715 974 1814 conjugis
987 1713 1070 1812 ejus
1092 1713 1341 1814 Angildrudis
1364 1742 1444 1793 rem
1463 1743 1618 1810 eorum,
1642 1724 1831 1824 quamipl't

563 1822 657 1901 mihi
680 1822 908 1898 tradiderunt
941 1841 1056 1893 manu
1076 1817 1319 1918 potestativa,
1345 1833 1389 1895 ut
1409 1823 1594 1898 traderem
1609 1827 1658 1900 ad
1674 1826 1830 1902 landum

563 1924 633 2004 Dei
651 1937 852 2022 martyrem
869 1920 1072 1996 Nazarium
1079 1917 1153 1998 dte.
1178 1917 1407 2019 donatusque
1423 1923 1491 1998 elle
1505 1927 1591 2000 volo
1614 1925 1678 2023 xvj
1695 1925 1830 2023 jumal.

464 2092 469 2104 .
563 2027 611 2102 de
626 2041 722 2102 terra
736 2023 900 2111 aratoria
914 2023 954 2098 in
982 2020 1234 2122 Watalassau
1258 2022 1298 2100 dt
1310 2020 1324 2120 j
1341 2027 1569 2125 mancipium
1583 2031 1732 2105 nomine
1755 2031 1831 2106 He.

563 2131 731 2218 roldum‚
758 2127 856 2204 adie
870 2123 1047 2224 praesente
1069 2123 1107 2198 in
1132 2123 1202 2200 Dei
1216 2127 1366 2201 nomine
1388 2130 1646 2227 perpetualiter
1668 2132 1716 2206 ad
1730 2131 1829 2229 poffi·
1936 2180 1937 2221 4

565 2231 747 2318 flendum,
772 2227 1001 2328 stipulatione
1016 2223 1181 2300 subnixa.
1234 2225 1373 2302 Alium
1393 2229 1432 2302 in
1446 2229 1662 2306 monasterio
1683 2233 1831 2306 Laura
1936 2246 1937 2251 ’

374 2360 431 2428 28·
449 2344 551 2434 Aprss.
567 2333 648 2410 hom
662 2333 730 2408 llll
750 2331 927 2406 kalendas
943 2324 1058 2422 Maji,
1086 2349 1184 2402 anno
1198 2329 1326 2424 quinto
1339 2329 1440 2426 regni
1461 2331 1601 2404 domini
1620 2331 1732 2405 nostri
1758 2335 1832 2408 Ka-

567 2435 638 2512 roli
659 2435 756 2528 regis
777 2431 931 2528 glorioli.
983 2427 1140 2524 Signum
1167 2430 1379 2517 Lamberti,
1405 2432 1470 2526 qui
1482 2431 1578 2530 hanc
1593 2433 1832 2507 donationem

563 2534 670 2620 fecit,
695 2533 835 2628 lignum
852 2529 1044 2619 Bemoini,
1061 2531 1261 2620 Williheri,
1278 2529 1481 2627 Eigilberti,
1509 2531 1703 2625 Egisberti,
1717 2534 1833 2610 Trut-

562 2633 682 2725 baldi,
708 2632 910 2732 Egisberti,
933 2631 1118 2710 Rutwini.
1170 2633 1255 2732 Ego
1267 2632 1488 2710 Harilandus
1502 2629 1635 2735 soripfi.

1023 2909 1029 2916 ·
1084 2856 1366 2954 CCCCXCV.

989 2986 1172 3083 Duratio
1195 2988 1405 3081 Lorrbertr'.

561 3157 724 3300 Eodem
738 3181 835 3237 anno
849 3179 919 3254 ego
935 3157 1143 3235 Lonbertus
1158 3159 1255 3234 dono
1270 3183 1385 3238 manu
1399 3155 1612 3258 potestativa
1625 3179 1690 3255 pro
1703 3157 1828 3244 anima

564 3339 576 3348 ,
641 3261 807 3358 germani
824 3261 897 3335 mei
928 3259 1121 3356 Agisberti
1142 3260 1180 3337 dr
1202 3263 1330 3336 uxoris
1352 3259 1430 3358 ejus
1453 3259 1662 3356 Angilradae
1677 3261 1726 3335 ad
1747 3259 1827 3335 san·

563 3357 660 3439 stum
677 3361 744 3440 Dei
767 3374 969 3458 martyrem
996 3361 1197 3440 Nazarium
1212 3360 1285 3439 dte.
1313 3361 1349 3458 vj
1362 3361 1499 3458 jurnal.
1523 3363 1570 3437 de
1583 3377 1675 3438 terra
1695 3361 1827 3445 arabili

561 3463 601 3542 in
631 3463 912 3568 Walalostor'&
935 3464 1079 3541 seruum
1093 3486 1211 3540 unum
1230 3465 1379 3539 nomine
1406 3464 1592 3540 Erlulfum
1609 3463 1827 3552 transfundo

563 3588 587 3642 a
603 3567 766 3665 praesenti
779 3567 838 3642 die
853 3566 890 3642 in
915 3567 983 3643 Dei
997 3566 1145 3642 nomine
1160 3567 1420 3664 perpetualiter
1434 3567 1482 3642 ad
1497 3565 1755 3663 poffidendum‚
1771 3564 1831 3639 lii·

562 3669 749 3766 pulatione
768 3663 931 3745 subnixa.
983 3665 1122 3745 Attum
1135 3668 1174 3742 in
1189 3668 1406 3744 monasterio
1431 3667 1647 3742 Lourmlm
1662 3667 1745 3742 idus
1765 3667 1831 3767 Ju-

380 3807 432 3877 15,
446 3790 509 3868 Μ,
562 3769 622 3856 lii,
649 3783 812 3868 tempore
838 3793 909 3868 quo
933 3769 1048 3868 supra.
1102 3769 1260 3865 Signum
1282 3767 1480 3856 Lonberti,
1506 3769 1571 3866 qui
1592 3770 1690 3842 hanc
1714 3769 1829 3842 dona-

562 3870 701 3947 tionem
728 3872 841 3959 lecit,
869 3871 1010 3968 srgnum
1035 3870 1254 3965 Agisberti,
1279 3869 1515 3958 Thrutbaldi‚
1541 3867 1740 3956 Balduini,
1762 3870 1832 3945 Br-
1935 3876 1936 3915 r

560 3971 739 4070 aenens,
764 3973 986 4072 walamare,
1001 3971 1191 4086 :Rumon
1242 3973 1323 4073 ugo
1338 3972 1492 4072 sarua
1505 3967 1762 4155 {prch
1822 4025 1826 4029 ,
