4000 5417
520 420 579 477 ru
606 418 733 475 enne
759 397 1135 477 Lononuunusr.
1379 414 1452 501 5⁶³

177 702 357 800 juineam
370 703 419 780 ad
433 703 517 779 illas
538 701 664 792 casas,
690 724 774 803 quae
788 701 961 779 dicuntur
985 698 1136 800 Hersen,
1162 702 1207 801 de
1223 724 1297 799 qua
1310 703 1453 801 possunt

181 805 308 903 colligi
323 807 410 883 duae
430 804 599 881 karradre
621 804 696 881 vini
704 804 776 881 dre.
831 802 968 879 Auum
991 803 1030 879 in
1051 800 1268 879 monasterio
1302 806 1454 880 Lauros·

181 907 262 979 surm
279 908 334 986 VI·
359 906 539 983 kalendas
559 905 658 1005 Iulis.
710 906 869 1002 Signum
889 904 1051 995 Cisinae,
1078 926 1163 1003 quae
1184 904 1282 981 hanc
1303 906 1451 985 donati·
1489 908 1541 977 26.
1562 908 1642 985 tue

52 1044 69 1090 t·
182 1030 291 1085 onem
309 1007 409 1087 serit.
461 1007 616 1085 Samuel
630 1006 775 1108 scripsit.
1422 1026 1425 1035 ¹

708 1204 985 1333 DCLXXX.

438 1332 619 1425 Duratio
648 1331 818 1425 Minricr‘
841 1333 894 1431 Ei
923 1330 1183 1449 Christianae.

238 1500 339 1603 os‚in
363 1500 434 1577 Dei
453 1502 603 1578 numine
628 1497 791 1577 Minrich
812 1498 852 1575 dt
874 1499 1081 1581 Christiana
1102 1526 1168 1603 pro
1190 1500 1353 1581 remedie
1366 1500 1446 1593 ani,-

51 1672 65 1688 ,
264 1625 414 1679 marum
438 1601 694 1679 nostrarum&
714 1600 801 1679 fisiae
821 1601 950 1679 nostrae
974 1604 1169 1681 Rihtrudis
1194 1608 1378 1683 donamus
1402 1602 1453 1683 ad

49 1711 61 1806 j
181 1702 345 1779 santium
362 1704 564 1778 Nazarium
577 1702 648 1779 &u
700 1700 838 1779 Attum
859 1703 898 1777 in
913 1705 1129 1781 monasterio
1153 1706 1366 1781 Laurentum
1385 1706 1452 1780 Ira·

50 1813 59 1896 J
182 1804 313 1879 lendes
337 1802 450 1898 maji,
475 1828 572 1879 anno
587 1804 655 1879 XL
670 1804 775 1901 regni
788 1804 928 1880 domini
943 1805 1052 1881 nostri
1077 1806 1204 1883 Karoli
1220 1806 1451 1904 imperatoris
1503 1802 1613 1891 nist-i
1752 1801 1756 1807 ’

50 1918 56 2014 j
183 1900 338 2007 glorios.
379 1905 539 2000 Signum
552 1904 700 1981 Minrici
713 1904 752 1981 dc
774 1905 1009 1994 christianae,
1023 1909 1088 2003 qui
1104 1906 1199 1983 hanc
1214 1890 1451 1982 ddnationem

49 2021 54 2102 J
183 2004 263 2081 fieri
282 2004 321 2082 δι
342 2004 482 2080 firmari
505 2021 752 2101 rogauerunt,
784 2004 928 2103 signum
953 2008 1202 2098 Hiltdihnrdi,
1227 2007 1463 2097 Udashardis

184 2106 396 2189 samsoni.
448 2105 654 2185 Altuuinus
669 2107 855 2207 scripsit&
871 2108 1083 2210 subscripsit.
1172 2186 1176 2193 .

607 2407 611 2415 ,
695 2308 990 2399 DCLXXXI.

469 2433 652 2526 Duratio
679 2436 813 2546 Ronsfi
834 2437 876 2525 in
903 2439 1033 2525 eudem
1058 2435 1166 2526 vissa.

183 2614 236 2743 ln
252 2602 384 2681 Christi
402 2603 552 2679 nomine
575 2600 637 2679 sub
652 2603 710 2679 die
735 2604 788 2685 VI
802 2628 887 2681 non.
904 2602 1079 2693 Martias,
1105 2626 1203 2679 anno
1223 2598 1330 2679 XIIII
1351 2602 1455 2699 regni
1485 2624 1517 2677 α.
1531 2600 1628 2673 m

235 2706 376 2780 domini
395 2702 506 2777 nostri
532 2702 660 2779 Karoli
684 2705 783 2801 regis
803 2703 973 2801 gloriosi,
1005 2728 1075 2801 ego
1100 2704 1259 2781 Roolsus
1282 2705 1379 2795 donn
1405 2704 1454 2781 ad

185 2802 348 2881 meum
362 2804 564 2879 Nazarium
578 2804 711 2879 Christi
733 2820 936 2899 martyrem
950 2806 1022 2881 dcc.
1048 2807 1088 2883 in
1107 2805 1299 2899 Eddr'ngun
1310 2804 1325 2901 j
1348 2828 1454 2883 man·

187 2902 270 2981 sum
293 2902 332 2981 dr
341 2898 358 2998 j
381 2902 557 2987 vineam,
583 2924 667 2997 quae
686 2901 848 2998 subjacet
872 2902 936 3001 ipsi
957 2904 1107 2991 manso,
1132 2904 1171 2979 du
1194 2906 1289 2981 inter
1313 2918 1454 2987 terram

188 3004 391 3082 araturiam
411 3025 455 3078 ac
476 2999 677 3078 senaricam
701 3028 756 3077 xx
772 3001 908 3099 jurnas.
930 3025 1016 3099 quae
1038 3002 1166 3080 omnia
1185 3004 1336 3082 tradidit
1361 3006 1455 3083 mihi
1555 3062 1559 3069 ·

186 3106 413 3187 Trutbrldus
427 3126 543 3179 manu
565 3102 781 3201 potestativa
800 3102 839 3181 &
864 3104 1035 3193 Helena,
1060 3117 1103 3180 ut
1124 3107 1306 3183 traderem
1320 3128 1387 3207 pro
1400 3108 1455 3187 eie

187 3208 237 3287 ed
249 3207 465 3308 praedittunr
478 3218 701 3302 martyrem,
727 3203 765 3282 dr
778 3205 961 3305 quidquid
974 3206 1023 3283 ad
1036 3204 1155 3305 ipsum
1177 3207 1347 3287 mansum
1362 3208 1455 3307 aspi·

187 3332 270 3387 cere
286 3310 451 3397 videtur,
476 3309 637 3406 campis,
663 3309 795 3407 pratIs,
820 3306 941 3397 siluis,
965 3309 1118 3407 perviis,
1142 3323 1265 3397 ⁴toturn
1281 3308 1320 3387 dr
1335 3309 1452 3385 edin·
1548 3384 1550 3391 ,

188 3426 337 3508 regrum
352 3435 376 3488 a
393 3406 454 3485 die
468 3406 635 3508 praesenti
659 3411 764 3486 trado
789 3410 835 3486 de
845 3408 928 3505 jure
940 3432 1025 3485 meo
1047 3424 1157 3507 atque
1171 3408 1389 3487 transfundo
1414 3409 1452 3487 iu

188 3513 396 3589 domimum
420 3510 536 3587 saneti.
553 3510 600 3589 N.
616 3512 656 3589 In
679 3512 749 3587 Dei
767 3511 916 3587 nomine
936 3510 1194 3610 perpetualiter
1219 3512 1267 3587 ad
1280 3509 1453 3609 possiden·

189 3614 301 3701 dum,
325 3613 553 3712 stipulatione
568 3612 733 3690 subnixa.
784 3611 923 3690 Anum
943 3612 983 3687 in
1003 3610 1217 3689 monasterio
1237 3610 1452 3686 Lauressm

190 3714 250 3789 die
264 3712 303 3791 dr
317 3727 481 3813 tempore
500 3738 573 3813 quo
592 3715 709 3815 supra,
759 3715 917 3812 Signum
937 3712 1084 3804 Roosfi,
1110 3714 1175 3812 qui
1198 3712 1296 3793 hanc
1310 3710 1452 3789 donad-

190 3837 301 3891 onem
313 3813 411 3891 fecit.
461 3817 646 3897 RudoIsus
658 3815 803 3917 scripsit

653 4029 880 4124 Bbbb2
1081 4022 1393 4119 DCLXXXII.
1523 4050 1529 4062 ·
