4000 5417
481 430 587 508 sne.
615 429 669 506 XI
694 427 956 506 Herusrco
983 427 1035 507 III
1061 449 1209 507 unce.
1313 534 1317 540 .
1399 457 1466 532 173

203 649 1471 674 ww*

41 833 42 848 ,
201 737 464 836 successerat,
491 737 677 848 paternae
705 731 942 826 donationis
967 732 1020 817 de
1049 714 1268 847 mancipiis
1292 736 1336 817 in
1365 733 1471 825 Gun-

174 945 178 951 ,
201 853 288 940 aito
308 848 648 962 confirmativum
666 850 825 961 accepit
841 867 1115 960 praeceptum.
1240 960 1245 966 1

753 1059 914 1149 CXXI.

230 1193 487 1304 Confirmatio
505 1201 527 1245 ἢ
547 1188 732 1282 Heinrici
755 1193 871 1279 tertii
890 1193 935 1278 de
954 1190 1165 1306 arunciuiis
1188 1189 1230 1278 in
1249 1191 1446 1282 Gannitu.

229 1389 254 1437 n
276 1360 422 1436 nomine
448 1357 577 1436 santiae
599 1355 859 1435 &individuae
893 1357 1090 1434 Trinitatis.
1144 1359 1385 1435 Herunrcus
1419 1361 1474 1434 di·
1507 1350 1528 1392 '
1547 1347 1662 1417 omisa

254 1463 343 1538 vina
358 1463 505 1538 favente
531 1459 816 1534 clementiarex.
867 1459 907 1534 Si
917 1457 1027 1555 jura,
1053 1459 1157 1535 nobis
1171 1461 1287 1556 regali
1308 1463 1473 1560 potentia
1507 1435 1666 1514 freherus

202 1561 359 1651 collata,
385 1561 545 1637 ecclesiis
570 1561 639 1635 Dei
665 1559 835 1636 benivola
866 1561 1061 1636 devotione
1083 1563 1341 1651 concedimus,
1366 1564 1471 1640 nobIs

172 1676 177 1688 '
201 1659 274 1740 hoc
291 1666 454 1740 maxime
470 1663 519 1739 ad
543 1660 681 1736 statum
697 1663 820 1758 regni,
846 1661 946 1738 &ad
966 1663 1170 1738 remedium
1193 1664 1328 1739 animae
1343 1665 1471 1744 nostrae

202 1765 443 1864 profuturum
460 1764 688 1838 confidimus.
742 1765 969 1860 Quapropter
989 1763 1132 1838 noverit
1147 1763 1314 1835 omnium
1329 1765 1473 1853 Christi,

203 1865 394 1962 nostrique
408 1865 576 1940 fidelium
601 1863 983 1962 tampraesensaetas,
1011 1885 1126 1960 quam
1140 1861 1178 1938 dc
1203 1861 1476 1963 successurapo·

201 1966 369 2054 limitas,
394 1967 553 2062 qualiter
564 1989 632 2040 nos
657 1965 866 2042 interventu
882 1988 925 2040 ac
950 1965 1125 2064 petitione
1152 1962 1500 2053 Anuar1s‚cou·'

204 2068 351 2142 tettalis
366 2067 494 2146 nostrae
511 2065 759 2156 dilefflffimn
786 2067 958 2142 videlicet
975 2067 1139 2161 reginae,
1165 2087 1322 2140 necnon
1339 2067 1385 2143 ob
1400 2066 1477 2142 asli·
1575 2074 1582 2086 '

200 2169 324 2242 duum
345 2168 525 2264 fideleque
540 2168 727 2244 servitium
754 2167 898 2262 Ugonis
919 2167 1083 2255 abbatis,
1105 2189 1215 2242 omne
1223 2165 1306 2262 jus,
1321 2171 1419 2264 quod
1432 2168 1481 2244 ad

200 2269 368 2344 nostram
401 2270 565 2363 regalem
589 2267 732 2367 respicit
752 2291 934 2356 manum,
959 2270 999 2342 in
1020 2268 1215 2366 mancipiis
1249 2270 1297 2342 ad
1318 2284 1478 2358 curtem,

201 2369 396 2444 (inunitam
412 2369 668 2458 nominatam,
695 2369 961 2468 pertinentibus
987 2369 1331 2445 Laureshammensr
1348 2393 1478 2446 mona·

198 2469 307 2546 sterio
321 2472 358 2544 in
383 2468 520 2544 honore
546 2471 655 2547 santii
682 2471 832 2546 Nazarii
856 2472 1033 2566 martyris
1048 2470 1275 2559 constmtio,
1300 2472 1361 2546 cui
1377 2473 1477 2546 idem

199 2571 420 2648 venerabilis
446 2573 559 2648 abbas
593 2569 787 2670 praefidet,
814 2571 920 2668 larga
953 2573 1151 2648 donatione
1176 2572 1411 2648 conceffimus
1436 2572 1476 2650 dt

197 2673 434 2748 concedendo
446 2673 744 2749 confirmavimus
761 2695 771 2768 ;
797 2697 844 2749 ea
859 2675 995 2750 scilicet
1012 2675 1179 2763 ratione,
1204 2689 1249 2750 ut
1272 2677 1398 2750 nullus
1411 2697 1475 2750 co·

196 2797 317 2860 mes,
342 2773 572 2864 vicecomes,
598 2789 661 2848 aut
684 2776 759 2849 alia
775 2775 1158 2871 quaelibetjudiciaria
1173 2775 1321 2874 persona
1341 2778 1381 2851 in
1403 2777 1475 2851 eis·

197 2877 300 2949 dem
326 2873 520 2966 mancipiis
546 2874 708 2965 aliquam
728 2875 895 2972 deinceps
919 2877 1058 2953 habeat
1090 2875 1258 2972 suijuris
1283 2878 1477 2954 exercendi

195 2969 450 3075 potestatem,
476 2969 550 3043 srve
582 2971 629 3044 ad
648 2973 826 3068 placitum
850 2973 955 3048 suum
981 2977 1274 3074 constringendi,
1301 2977 1363 3054 seu
1386 2980 1477 3055 ban·

195 3098 299 3152 num
315 3070 567 3171 persolvendi,
593 3069 658 3144 nisr
682 3073 873 3170 praedislus
889 3076 1001 3152 abbas
1027 3079 1153 3176 suique
1175 3078 1410 3168 successores,
1437 3078 1477 3156 dc

196 3199 319 3276 quern
334 3173 396 3272 ipsi
411 3174 635 3249 advocatum
657 3174 844 3268 elegerint.
895 3178 946 3252 Et
961 3192 1005 3252 ut
1023 3180 1104 3257 haec
1138 3181 1264 3257 nostrae
1287 3179 1478 3258 concessio-

194 3281 261 3355 nis
280 3277 478 3352 austoritas
494 3272 635 3348 stabilis
648 3271 686 3348 dr
701 3273 912 3352 inconvulsa
925 3279 1026 3354 omni
1041 3297 1363 3378 permanentem,
1378 3283 1480 3357 hanc

193 3379 384 3481 paginam
397 3377 482 3451 inde
509 3372 751 3471 conscriptam
767 3399 880 3450 manu
895 3381 1041 3477 propria
1064 3383 1357 3470 corroborantes,
1372 3381 1482 3476 sigilli

194 3482 319 3558 nostri
333 3476 558 3576 impressione
568 3472 736 3570 juffimus
756 3474 929 3570 insignIri.
981 3480 1225 3557 Tbeodericus
1241 3482 1483 3558 cancellarius

195 3586 289 3662 vice
316 3579 503 3656 Bardonis
536 3577 852 3652 archicancellarii
886 3582 1093 3673 recognovi.
1144 3585 1243 3662 Data
1273 3586 1308 3662 V
1333 3583 1485 3661 kalend.

85 3755 86 3760 ,
192 3681 458 3782 SeptembriS,
485 3703 578 3754 anno
592 3680 801 3756 Dominicae
817 3680 1091 3754 incarnationis
1104 3682 1278 3771 MXLVL
1294 3684 1487 3761 indistione
1516 3696 1569 3763 28·
1584 3687 1670 3772 aug.

192 3783 331 3871 XIIII,
342 3805 439 3856 anno
454 3795 540 3856 vero
556 3781 693 3868 domini
708 3781 877 3857 Heinrici
888 3781 984 3856 tertii
1000 3783 1240 3858 ordinationis
1254 3783 1336 3881 ejus
1350 3787 1485 3878 XVIII,
1545 3777 1642 3859 ²04⁶0

193 3885 313 3986 regni
332 3905 423 3964 vero
447 3883 543 3960 VIII.
594 3881 732 3962 auum
751 3881 977 3967 Wintrrbacsr
993 3883 1151 3964 feliciter
1175 3910 1296 3967 amen

715 4055 900 4176 »ἵε
