4000 5417
493 435 578 548 'abo
758 449 764 456 ’
876 454 1064 536 Canon.
1092 451 1401 536 arcannm

1599 679 1779 716 ······r·-

503 765 606 845 omni
621 761 846 840 infestatione
872 760 1030 858 alicujus
1053 759 1258 863 pensionis,
1285 755 1332 836 ab
1353 761 1457 838 omni
1471 761 1659 840 exuitione
1676 761 1780 860 iudi·

503 868 627 946 ciariae
640 865 851 966 potestatis,
877 862 1036 941 liberi&
1050 865 1237 941 immunes
1251 877 1517 963 permaneant,
1543 862 1582 940 dr
1598 867 1776 966 quicquid

502 991 569 1071 pro
583 968 830 1068 oportunitate
848 965 963 1042 suain
977 965 1118 1042 eisdem
1141 966 1234 1040 locis
1250 966 1389 1062 absque
1414 965 1636 1043 detrimento
1660 967 1777 1065 sylvae

503 1071 693 1148 elaborare
720 1071 781 1145 vel
795 1069 965 1144 excolere
991 1068 1176 1145 voluerint
1190 1079 1257 1144 aut
1276 1067 1487 1158 valuerint,
1514 1091 1563 1143 ex
1578 1067 1689 1166 hujus
1711 1096 1777 1146 no-

503 1171 585 1250 strae
606 1169 835 1249 conceffionis
861 1169 1076 1246 austoritate
1098 1169 1214 1244 libera
1235 1169 1275 1243 in
1289 1169 1466 1245 ¹omnibus
1492 1170 1651 1246 faciendi
1676 1185 1776 1269 pote·

503 1273 594 1352 state
609 1273 807 1370 potiantur.
858 1272 910 1347 Et
926 1283 968 1344 ut
981 1268 1094 1366 hujus
1108 1269 1340 1346 conceffionis
1354 1269 1392 1346 dl
1409 1269 1675 1350 constitutionis
1690 1299 1774 1349 nos·

327 1345 338 1361 ⁸
458 1417 462 1420 ·
503 1387 574 1452 trae
589 1374 749 1450 soliditas
774 1371 987 1472 postfuturis
1002 1371 1232 1469 temporibus
1247 1371 1399 1460 certior,
1424 1371 1633 1470 firmiorque
1649 1386 1774 1453 tenea·

504 1488 592 1564 tur,
618 1487 761 1550 cartam
774 1474 872 1550 hanc
892 1472 1026 1548 exinde
1042 1471 1281 1571 conscriptam
1305 1471 1415 1568 frgilli
1435 1473 1544 1551 nostri
1576 1475 1772 1573 imprellro·

502 1603 551 1654 ne
577 1574 956 1662 subterfirmavimus,
988 1573 1240 1671 nobiliumque
1264 1598 1306 1650 ac
1328 1575 1573 1673 probabilium
1603 1577 1771 1675 persona·

501 1699 589 1755 rum
601 1676 805 1753 testimonio
820 1673 1209 1754 commendabiliorem
1233 1674 1403 1754 fecimus.
1460 1678 1573 1777 Tellus,
1589 1680 1670 1767 dies,
1683 1677 1770 1755 locata

503 1775 548 1856 ὅ
563 1783 687 1864 minas,
700 1780 762 1874 qui
769 1775 897 1876 supra.

500 1974 757 2154 Stipulatur
784 1973 881 2061 huic
907 1979 1150 2066 conceffioni
1180 1981 1312 2068 etiam
1340 1981 1558 2067 dioceiiani
1594 1973 1772 2096 episcopi

584 2084 829 2205 pontificalis
843 2086 1099 2197 auctoritas,
1129 2092 1174 2179 dr
1193 2097 1302 2179 circa
1319 2094 1523 2198 decimas,
1551 2117 1657 2204 quas
1674 2095 1771 2207 bap

497 2199 670 2290 tilmalis
705 2197 884 2287 ecclesrae
916 2203 1072 2312 jtrstitia
1109 2208 1335 2321 exigebat,
1381 2209 1577 2291 canonica
1614 2201 1770 2319 dispen-

479 2310 617 2403 latio.
1044 2389 1057 2410 κ

1118 2429 1252 2521 CLX.

500 2554 806 2648 Nouellationem
839 2573 1030 2671 agrorum
1062 2559 1115 2656 Ei
1129 2573 1346 2672 pratorum
1373 2555 1414 2644 io
1447 2551 1655 2648 Wrnlrer‘m
1687 2553 1767 2672 epi·

547 2671 694 2785 scopus
716 2667 787 2760 W
778 2671 1014 2781 armatienſss
1032 2670 1178 2758 locauit
1186 2670 1398 2784 frutribus
1417 2669 1458 2758 in
1478 2665 1711 2760 Schonuwr.

498 2837 553 2973 In
565 2834 713 2910 nomine
728 2835 879 2913 Domini
904 2836 973 2912 Dei
987 2835 1259 2937 omnipotentis.
1311 2835 1537 2913 Cunnnous
1562 2830 1769 2944 Dei‘gratia

551 2935 827 3016 Wormatiensrs
840 2937 999 3015 ecclefiae
1014 2937 1219 3036 episcopus,
1245 2937 1420 3012 universrs
1433 2933 1567 3012 Christi
1586 2934 1768 3024 fidelibus,

499 3046 580 3112 tam
594 3037 729 3113 futuris
744 3062 857 3135 quam
874 3039 1123 3137 praesentibns.
1149 3036 1325 3113 Omnium
1341 3037 1489 3133 quidem
1505 3035 1573 3111 Dei
1589 3035 1765 3122 fidelium,

499 3135 561 3212 fed
582 3141 746 3215 maxime
778 3139 998 3238 pontificalis
1021 3138 1262 3237 providentiae
1284 3137 1358 3224 est,
1385 3135 1567 3212 servorum
1583 3133 1766 3211 necellrta·

497 3238 602 3315 tibus
616 3240 830 3329 consulere,
855 3240 894 3317 dr
920 3253 963 3315 ut
978 3239 1127 3316 liberius
1143 3240 1191 3313 ad
1215 3239 1326 3336 pedes
1349 3237 1497 3313 Domini
1521 3235 1605 3337 Jelu
1620 3234 1764 3323 sedere,
1860 3323 1864 3328 q

503 3362 547 3416 ac
563 3340 700 3418 divinae
712 3341 1014 3440 contemplationi
1023 3339 1162 3437 jugiter
1177 3339 1356 3417 inhaerere
1371 3341 1536 3426 valeant,
1558 3336 1655 3414 circa
1668 3335 1764 3436 ipso-

501 3465 585 3518 mm
607 3442 780 3540 frequens
795 3442 1032 3517 ministerium
1054 3441 1228 3537 satagere.
1281 3441 1339 3517 Ea
1352 3453 1499 3540 propter
1518 3437 1662 3515 noverit
1682 3437 1764 3512 uni·

500 3542 877 3619 versrtascunttorum
902 3543 1034 3619 Christi
1047 3541 1212 3618 fidelium
1226 3541 1274 3618 ad
1298 3541 1455 3641 praesens
1469 3539 1507 3618 δι
1531 3538 1764 3639 inposterum,

501 3645 659 3740 qualiter
671 3668 737 3719 nos
750 3643 885 3721 divinae
901 3644 1083 3719 mercedis
1099 3644 1237 3720 intuitu
1261 3642 1300 3719 d
1316 3640 1498 3738 majomm
1523 3637 1684 3715 ecclesiae
1698 3661 1765 3712 no·

501 3743 581 3822 strae
594 3759 726 3841 rogatu
738 3743 911 3845 persuafi,
936 3745 1077 3821 dilectis
1091 3744 1266 3821 fratribus
1281 3743 1408 3818 nostris
1423 3745 1463 3817 in
1487 3743 1683 3834 sconaugia
1699 3763 1764 3812 no-

497 3847 737 3924 vellationem
763 3869 934 3943 agrorum
961 3846 1023 3922 seu
1047 3857 1263 3944 pratorum,
1290 3857 1448 3941 quatuor
1472 3841 1602 3918 aratris
1636 3838 1764 3914 suffici-

500 3960 653 4038 entem,
677 3947 718 4022 in
743 3945 901 4036 foraste,
929 3947 978 4022 ad
1014 3945 1191 4021 Vrrnher'm
1218 3946 1447 4043 pertinente,
1473 3941 1580 4039 cujus
1613 3940 1765 4037 quidem

497 4045 634 4142 luridus
657 4048 972 4137 Laureshamenle
986 4043 1264 4141 menatenam,
1288 4047 1425 4152 regalis
1438 4067 1526 4133 vero
1541 4044 1714 4233 baffi
1699 4063 1767 4133 110³
1830 4121 1837 4132 .
