4000 5417
512 494 619 636 Suo
647 488 720 572 XII
746 491 993 572 Cuunnoo
1018 493 1072 572 111
1096 515 1246 576 nunu.
1432 520 1508 601 245
1554 519 1561 528 ·

240 657 244 662 .
695 651 702 660 .

234 809 361 892 certis
378 806 587 890 duntaxat
605 799 925 912 exceptionibus
942 801 985 884 in
1014 801 1307 885 concambium
1323 799 1505 905 tradidit,

234 943 362 1035 atque
391 913 601 1003 eeclefiam
626 909 742 999 suurn
771 913 823 997 ab
860 912 1050 1023 ejusdem
1068 909 1237 1001 servitio
1272 915 1505 1000 immunem

230 1053 437 1230 perpetuo
467 1025 680 1128 reddidit,
706 1023 919 1132 modicum
944 1023 987 1112 id
1007 1085 1023 1126 ,
1048 1025 1174 1141 quod'
1188 1026 1323 1113 adhuc
1349 1025 1505 1114 exinde

251 1139 437 1245 olvitur,
464 1136 616 1226 menlae
643 1139 805 1224 abbatis
834 1138 1046 1252 affignuns
1074 1149 1097 1194 ³
1124 1141 1242 1251 cujus
1271 1131 1716 1226 concambii·0mis·sen·

231 1253 569 1342 confirmativum
604 1273 865 1368 praeceptum
890 1280 916 1336 a
944 1250 1140 1341 Cunrado
1167 1281 1266 1370 rege
1299 1253 1514 1368 traditum,
1540 1221 1696 1329 Frenetes

231 1365 347 1456 itale
375 1367 513 1457 habet.
597 1403 600 1410 ¹

839 1475 927 1568 CL.

260 1629 525 1750 Oppeulreim‚
557 1627 623 1723 W
620 1627 839 1741 ibelingen,
869 1627 1028 1740 Gingeu
1056 1625 1194 1740 regiae
1213 1627 1407 1742 potestati
1433 1629 1479 1718 iu

645 1740 831 1828 cambium
859 1743 1090 1827 truduntur.

260 1911 454 1988 nnouriue
485 1908 615 1986 saneae
647 1907 685 1986 ὅ(
705 1907 907 1984 individuae
940 1902 1143 1982 Trinitatis.
1195 1903 1422 1983 Cuuuruns
1448 1907 1507 1983 di·
1646 1924 1649 1929 “

284 2014 372 2089 vina
386 2005 534 2088 favente
560 2011 757 2086 clementia
781 2013 1038 2086 Romanorum
1056 2005 1322 2094 rexsecundus.
1373 2009 1415 2084 Si
1437 2033 1504 2085 an·
1781 2007 1787 2018 ’

232 2113 448 2188 tecellorum
470 2113 698 2200 nostrorum,
725 2135 855 2208 regum
877 2111 938 2186 seu
959 2111 1249 2208 imperatorum,
1274 2111 1346 2206 piae
1361 2111 1503 2186 devoti·

232 2216 313 2289 onis
329 2215 487 2289 limitem
503 2214 762 2312 prosequentes
779 2267 789 2302 ,
816 2215 864 2288 ad
881 2215 1028 2288 cultum
1044 2211 1180 2285 divinae
1194 2211 1381 2306 religionis
1394 2233 1502 2308 rega·

230 2316 330 2390 libus
357 2315 513 2390 abbatiis
528 2316 566 2388 in
592 2314 775 2413 posterum
798 2314 1017 2412 providere,
1043 2311 1140 2386 &de
1163 2309 1258 2386 statu
1275 2310 1313 2388 ὅ(
1338 2313 1501 2411 profettu

183 2416 186 2422 ’
228 2415 381 2491 illarum
395 2439 461 2514 pro
476 2415 598 2491 debito
612 2416 725 2511 regine
740 2415 967 2506 auttoritatis
993 2426 1172 2512 oportune
1186 2413 1355 2489 ordinare
1381 2414 1499 2491 stude·

228 2517 370 2606 bimus,
397 2518 436 2592 id
451 2517 555 2594 nobis
572 2530 650 2594 tam
666 2519 713 2593 ad
727 2517 915 2617 praesentis
930 2517 1021 2591 vitae
1041 2514 1361 2610 tranquilitatem,
1386 2540 1501 2614 quam

231 2621 455 2697 adfuturam
470 2619 747 2696 beatitudinem
763 2618 1045 2720 promerendam
1059 2616 1294 2715 profuturum
1319 2641 1394 2692 non
1419 2643 1499 2695 am·

229 2721 402 2817 bigimus.
454 2723 657 2821 Eapropter
677 2725 874 2810 omuibus,
902 2734 981 2796 tam
1004 2719 1242 2818 praesentibus
1258 2741 1373 2818 quam
1395 2721 1499 2798 futu·

229 2824 280 2896 ris
306 2821 454 2907 Christi,
481 2825 654 2918 regnique
668 2823 838 2899 fidelibus
856 2837 987 2898 notum
1000 2820 1070 2896 elle
1084 2824 1271 2912 volumus,
1286 2823 1385 2920 quod
1399 2824 1499 2900 Lau·

229 2919 676 2994 reshammensrsecclesra
701 2926 831 2996 multis
853 2923 891 2998 δι
905 2922 1056 2998 diverfis
1080 2923 1417 3022 supervenientibus
1443 2927 1499 3004 iu-

228 3019 400 3097 fortuniis
414 3028 560 3092 tautum
576 3018 613 3089 in
639 3021 882 3096 exterioribus
896 3023 1060 3097 distratta
1075 3023 1149 3112 est,
1174 3040 1219 3101 ut
1232 3025 1421 3102 servitium
1442 3051 1498 3104 re·

229 3124 359 3220 gium,
386 3131 536 3196 centum
562 3117 697 3194 scilicet
718 3120 855 3210 libras,
882 3145 976 3219 quas
998 3128 1191 3202 aunuatim
1211 3114 1420 3227 ¹persolvere
1434 3131 1499 3208 de·

228 3225 367 3312 bebat,
392 3223 466 3300 srne
480 3219 647 3297 maximo
662 3218 715 3294 sui
729 3222 949 3299 detrimento
964 3228 1114 3325 explere
1130 3254 1202 3304 non
1219 3229 1407 3307 sufficeret
1433 3232 1500 3308 Di-

230 3326 445 3425 vina-igitur
463 3322 723 3424 inspiratione,
749 3348 816 3399 nec
832 3349 905 3400 uon
919 3328 1095 3424 petitione
1122 3330 1242 3405 diretti
1257 3332 1368 3410 nostri
1393 3334 1500 3409 Folc·

227 3429 341 3506 nandi
358 3428 526 3514 abbatis,
553 3423 792 3521 omniumque
816 3429 1064 3517 confratrum,
1088 3430 1408 3521 beneficiatorum)
1429 3434 1500 3508 mi—

228 3531 466 3606 nisterialium
479 3526 644 3624 ejusdem
667 3526 827 3604 ecclesrae
849 3531 1083 3616 commoniti,
1109 3531 1231 3606 inhoc
1244 3532 1388 3608 servitio
1420 3556 1502 3632 per·

228 3633 401 3708 solvendo
423 3633 535 3728 regiae
550 3625 748 3723 majestatis
772 3628 985 3704 uulturitate
1010 3631 1076 3705 sub
1088 3647 1189 3706 certo
1204 3633 1420 3707 concambio
1447 3635 1499 3708 ei·

228 3734 317 3816 dem
331 3733 489 3809 ecclesue
505 3734 745 3833 pepercimus.
799 3731 889 3806 Tres
906 3731 1005 3804 enim
1022 3746 1145 3814 curtes
1171 3734 1500 3831 oppenheim-Gin-

225 3859 311 3930 gen,
336 3831 568 3930 Wibelingrn,
594 3834 714 3909 eidem
729 3831 889 3910 ecclefiae
914 3833 1165 3932 pertinentes,
1191 3837 1394 3911 cumomni
1415 3835 1499 3934 jure

224 3937 265 4014 δι
281 3937 466 4024 utilitate,
493 3959 577 4035 quae
598 3937 636 4011 in
668 3936 838 4036 praesenti
862 3935 989 4011 haberi
1013 3937 1076 4012 vel
1097 3937 1136 4012 in
1156 3927 1281 4014 futuro
1307 3936 1392 4015 inde
1410 3940 1498 4016 elici

224 4039 365 4142 potest,
397 4040 437 4135 iu
470 4039 669 4118 servitiun
684 4039 724 4118 dt
750 4040 1013 4222 propripltalpem
1038 4040 1143 4139 regni
1165 4042 1398 4144 recepimus,
1432 4067 1497 4118 er·

977 4167 1000 4241 3
1384 4169 1444 4222 θθ·
