4000 5417
534 492 607 567 134
815 470 818 477 ’
906 458 1093 541 Canon.
1120 480 1182 537 nr
1208 456 1422 539 Cnanrn

342 813 499 963 omisit
519 891 767 1020 Bwnediffi
783 906 803 952 ι
813 922 950 1013 papae
974 896 1054 982 del
1004 761 1576 1006 ῖὶἵιίξέξῗιιιιιιιιιιιιι
1595 898 1772 1007 accuſsat.

532 1045 837 1208 Βιιιιιιιιιιιιι
855 1065 911 1165 epi
915 1060 1041 1163 scopus
1067 1062 1190 1140 servus
1215 1060 1401 1137 servorum
1426 1060 1495 1135 Dei
1515 1062 1770 1138 dilettissrmo
1758 1086 1799 1141 ιιι

616 1168 774 1245 Domino
788 1167 882 1255 filio,
909 1166 1132 1243 Salemanno
1145 1164 1313 1260 religioso
1327 1163 1453 1241 abbati
1470 1164 1687 1241 venerabilis
1702 1166 1801 1241 Lau·
1875 1205 1879 1214 ·

535 1268 756 1349 rehamensrs
771 1268 947 1357 ecclesiae,
973 1268 1012 1345 dt
1027 1292 1092 1367 per
1104 1283 1141 1344 te
1156 1268 1195 1341 in
1208 1266 1341 1341 eodem
1356 1265 1557 1341 venerabili
1571 1266 1799 1357 monasterio,

536 1376 684 1471 tuisque
712 1321 1012 1447 successoribds
1002 1393 1043 1445 ln
1073 1383 1303 1470 perpetuum.
1353 1366 1539 1467 Quoniam
1570 1370 1802 1453 concedenda
1840 1418 1844 1423 -

537 1476 646 1562 sunt,
673 1496 766 1570 quae
771 1473 1048 1549 rationabilibus
1063 1472 1244 1549 defideriis
1258 1469 1439 1570 pertinere
1463 1454 1675 1558 noscuntur,
1689 1465 1804 1547 nostri

538 1576 761 1675 apostolatus
792 1574 1012 1662 austoritas,
1038 1575 1085 1650 ad
1117 1571 1423 1649 corroborandam
1443 1569 1541 1669 piam
1565 1573 1805 1647 devotionem

537 1678 657 1754 sanila
671 1679 752 1753 loca
766 1676 1078 1764 construentium,
1103 1676 1144 1751 in
1158 1673 1372 1774 praestandis
1388 1673 1584 1771 privilegiis
1601 1673 1713 1750 debet
1729 1674 1805 1748 mi·

402 1778 405 1790 '
537 1781 638 1855 nime
651 1778 836 1874 abnegari.
889 1780 1007 1876 igitur
1029 1779 1118 1875 quia
1140 1776 1362 1851 excellentia
1389 1775 1581 1874 spiritualis
1605 1774 1674 1850 filii
1690 1774 1805 1851 nostri

538 1880 680 1956 domini
705 1882 881 1956 Orrorus
904 1880 1069 1980 piissimi
1061 1878 1294 1978 imperatoris
1319 1875 1461 1972 augusti
1475 1876 1710 1975 postulavita
1735 1902 1804 1953 no·

537 1984 614 2069 bis,
640 1982 814 2079 quatinus
832 1981 1092 2057 monasterium
1106 1980 1355 2067 Lauresh‘am‚
1373 1980 1473 2079 quod
1486 1978 1804 2056 construtiumesl'e
1907 2022 1911 2027 f

539 2098 683 2159 certum
695 2082 784 2159 esta
803 2082 963 2184 piissimis
987 2084 1267 2182 imperatoribus
1293 2082 1631 2177 carolomagno,
1656 2080 1804 2179 filioque

539 2185 620 2282 ejus
646 2188 864 2273 Luoovrco‚
889 2187 1161 2282 eorundemque
1185 2181 1464 2272 successoribus,
1490 2184 1555 2260 ubi
1570 2186 1681 2259 modo
1693 2206 1805 2259 vene

502 2288 668 2363 ·'rabilis
694 2286 807 2362 abbas
833 2239 1079 2363 S’alemannus
1099 2286 1262 2382 regulari
1287 2237 1509 2360 institutidne
1529 2284 1669 2384 praeesse
1700 2285 1804 2360 vide-

540 2402 621 2478 tur,
648 2388 849 2487 privilegiis
864 2389 992 2465 raneae
1019 2390 1199 2466 Romanae
1213 2386 1468 2503 &apostolicae
1484 2385 1804 2462 sedismodisom·

540 2444 649 2567 nibds
665 2491 866 2565 decoretur.
918 2490 1080 2578 Scilicet,
1094 2504 1138 2566 ut
1150 2487 1313 2583 nullius
1299 2510 1374 2584 Jurr
1363 2487 1429 2564 dt
1453 2488 1599 2563 distioni
1615 2486 1807 2566 submitta-

541 2604 631 2679 tur,
648 2582 695 2669 ’δι
710 2592 840 2667 ideo
806 2592 877 2691 pris
890 2592 1073 2667 desideriis
1092 2592 1287 2691 spiritualis
1306 2589 1375 2664 lilii
1388 2587 1498 2664 nostri
1522 2589 1708 2679 faventes,
1732 2589 1806 2667 bae

541 2692 661 2769 nostra
681 2692 875 2792 apostolica
890 2694 1104 2769 austoritate
1128 2692 1387 2779 decernimus,
1413 2690 1452 2764 id
1466 2691 1587 2790 ipsum
1608 2682 1808 2810 praefatum

542 2792 802 2871 monasterium
816 2820 839 2871 a
852 2796 963 2870 modo
985 2795 1025 2872 dc
1040 2817 1158 2890 usque
1183 2796 1221 2870 in
1242 2794 1355 2869 finem
1377 2792 1500 2868 saeculi
1515 2793 1579 2870 sub
1598 2793 1807 2894 patrocinio

541 2896 673 2975 sanstae
698 2898 879 2974 Romanae
894 2896 934 2974 dc
954 2895 1160 2995 apostolicae
1183 2896 1313 2971 matris
1328 2895 1488 2971 ecclesiae
1513 2920 1602 2971 cum
1617 2897 1807 2987 omnibus,

392 3058 395 3070 .
541 3021 626 3093 quae
649 3001 697 3072 ad
712 2999 804 3073 illud
818 2998 1018 3096 pertinent
1043 2998 1343 3096 permanendum.
1397 2998 1636 3072 Decernnnus
1647 3020 1811 3096 namque

542 3099 606 3175 sub
632 3098 747 3175 divini
764 3098 893 3194 judicii
925 3098 1188 3187 obtestatione,
1221 3099 1260 3176 dc
1291 3099 1391 3175 beati
1415 3096 1532 3184 Petri,
1558 3096 1812 3194 apostolorum

432 3216 438 3237 ⁸
541 3200 742 3300 principis,
758 3199 959 3298 nostraeque
973 3201 1198 3277 austoritatis
1213 3201 1476 3287 interdictione,
1489 3209 1531 3274 ut
1546 3198 1696 3273 nullus
1685 3222 1725 3273 m
1740 3202 1812 3275 ali-

544 3322 620 3399 quo
635 3301 754 3397 gradu
774 3302 1013 3390 constitutus,
1038 3303 1130 3377 vel
1120 3325 1160 3377 m
1181 3304 1347 3400 quolibet
1371 3302 1498 3377 ordine
1518 3315 1581 3375 aut
1604 3298 1810 3377 ministerio

542 3404 681 3487 audeat
695 3402 845 3485 moleste
869 3401 986 3479 caulis
996 3395 1168 3499 ejusdem
1189 3403 1395 3480 monasterii
1420 3404 1653 3490 incumbere,
1678 3418 1748 3478 aut
1761 3404 1810 3478 de

399 3540 402 3549 =
543 3506 655 3581 rebus
671 3502 849 3605 &possess
852 3506 983 3581 onibus
996 3506 1142 3602 quoquo
1158 3508 1267 3581 modo
1279 3504 1451 3593 aufferre
1477 3519 1544 3580 aut
1557 3454 1730 3593 assedam,
1745 3504 1811 3582 seu

488 3630 490 3637 ’
543 3606 637 3707 ipsos
652 3608 856 3683 monachos
871 3607 963 3683 inibi
990 3608 1068 3681 Deo
1083 3607 1303 3684 servientes
1293 3608 1500 3703 inquietare
1515 3605 1728 3706 prasumat,
1742 3629 1811 3682 nec

543 3710 750 3819 quamlibet
771 3702 954 3790 malitiam
970 3706 1009 3787 dc
1030 3706 1181 3804 jaune
1205 3708 1407 3785 molestiam
1433 3707 1572 3785 ibidem
1596 3706 1731 3783 inserte
1752 3732 1812 3783 co·

543 3812 679 3899 netur,
705 3812 795 3887 dum
809 3811 966 3927 profesio
981 3812 1094 3899 illud,
1120 3824 1163 3887 ut
1176 3811 1269 3909 saepe
1291 3810 1505 3911 praedistum
1518 3810 1586 3899 est,
1611 3808 1721 3885 firma
1741 3809 1810 3884 sla·

543 3864 685 3987 bilitate
705 3912 769 3988 sub
792 3911 991 4011 patrocinio
1006 3908 1079 3988 δι”
1065 3911 1309 4007 jurisditione
1331 3911 1460 3989 sanuae
1472 3908 1604 3987 nostrae
1630 3912 1813 3990 Romanae

540 4014 674 4096 nanis
698 4013 858 4095 ecclesiae
889 4014 1180 4117 permanendum
1210 4013 1406 4097 sancimus.
1457 4012 1649 4093 Addimus
1615 4012 1815 4230 iffi&
