4000 5417
191 675 300 796 catur
315 715 578 804 Lauresham,
603 713 669 790 ubi
685 713 743 793 vir
766 711 989 790 venerabilis
1014 682 1239 808 Adalungus
1261 711 1358 789 abba
1371 733 1466 810 prae·
1525 703 1527 710 '

27 829 34 904 l..
192 819 263 897 elle
282 819 455 906 videtin,
481 819 735 912 donatumque
761 816 801 892 in
821 828 1043 914 perpetuum
1070 811 1140 888 elle
1162 815 1274 901 volo,
1307 813 1347 888 in
1367 835 1465 912 pago
1544 897 1551 910 ‚
1607 897 1615 917 ‚

27 957 32 1006 ;
193 921 334 1000 Lobod.
357 921 398 997 in
428 918 648 994 Ulniaisluim
666 915 694 1014 jj
718 915 855 1014 jornal.
882 917 929 991 de
944 930 1043 991 terra
1065 915 1230 992 aratoria
1255 939 1280 990 a
1294 915 1354 990 die
1368 937 1462 1014 prae·

27 1039 32 1110 '2
194 1023 295 1103 sente
310 1023 357 1098 de
368 1021 451 1119 jure
466 1043 550 1096 meo
577 1021 615 1094 in
625 1016 967 1114 jus&donrinium
983 1017 1094 1092 santii
1119 1017 1271 1113 Nazarii
1287 1019 1394 1094 trado
1407 1031 1464 1094 at·

192 1147 266 1222 que
288 1123 508 1200 transfundo
530 1124 569 1198 in
595 1122 664 1196 Dei
685 1121 835 1206 nomine
860 1118 1123 1218 perpetualiter
1143 1120 1191 1195 ad
1216 1119 1465 1219 pollrdendunr

193 1227 423 1327 stipulatione
438 1224 605 1300 subnixa.
659 1221 797 1299 Atrum
818 1221 857 1296 in
880 1220 1098 1298 monasterio
1122 1221 1336 1296 Laurcslaam
1358 1223 1464 1300 VllII

191 1328 371 1404 laternas
382 1326 481 1428 Julii.
514 1323 918 1422 signum-mummi,
935 1323 1111 1420 quihanc
1126 1325 1363 1401 donationem
1378 1323 1459 1399 aea
1491 1323 1546 1390 α4·
1560 1302 1637 1381 to.

80 1497 85 1510 .
190 1428 231 1507 dr
246 1429 386 1505 firmari
400 1428 567 1525 rogavit,
594 1426 738 1525 lignum
764 1426 1017 1516 Ermanfridi,
1041 1425 1255 1516 Wernheri,
1268 1423 1464 1516 Adotonis,

193 1531 415 1629 Hartuuigi,
428 1528 636 1628 'Ratuuigi
691 1529 774 1626 Ego
800 1519 1006 1605 Altuuirms
1021 1525 1151 1629 scripti.

193 1681 234 1688 ”
667 1684 1041 1822 cuconxxvn.

27 1901 32 1950 a
191 1882 212 1906 ’·
231 1859 412 1952 Honorio
439 1858 668 1976 Megalen·
694 1851 738 1949 iu
755 1861 894 1948 eadem
920 1859 1014 1948 villa
1040 1859 1241 1962 ludovico
1259 1859 1426 1978 impera·
1458 1826 1464 1849 ¹

27 2010 32 2024 ·
526 2001 530 2006 ·
569 1975 918 2085 tore‚Adalungo
938 1974 1090 2084 abbate.
1436 1977 1441 1989 ’
1587 1975 1595 1992 “

27 2111 32 2160 ³
189 2085 346 2280 Epoin
370 2141 441 2218 Del
459 2105 608 2218 nomine
631 2140 873 2238 Meginherds
886 2161 953 2239 pro
967 2139 1132 2218 remedio
1146 2108 1356 2218 animantia
1371 2087 1461 2218 Wass

27 2289 32 2342 2
192 2281 196 2292 ·
268 2245 340 2318 rmi
353 2243 393 2320 dt
418 2242 628 2320 Friderunae
642 2243 741 2320 dono
763 2244 811 2318 ad
827 2240 990 2318 landum
1018 2242 1088 2316 Dei
1110 2255 1315 2337 martyrem
1341 2239 1462 2316 Naza-

27 2343 30 2396 3'
187 2343 288 2420 rium
313 2343 385 2421 dte.
408 2342 606 2440 jmansnm
629 2345 669 2418 in
697 2341 919 2422 Hluinirlreinr
943 2344 993 2418 ad
1013 2341 1199 2438 integrum
1223 2342 1330 2419 trado
1351 2354 1461 2437 atque

27 2535 29 2548 Ι
187 2443 406 2522 transfundo
421 2445 460 2519 in
486 2445 555 2520 Dei
570 2446 719 2522 nomine
734 2445 995 2544 perpetualiter
1019 2445 1068 2520 ad
1089 2443 1336 2543 poffidendum
1350 2441 1461 2540 stipu-

188 2547 328 2624 latione
350 2546 514 2623 lubnixa.
568 2544 706 2623 Altum
721 2548 775 2622 in·
790 2544 1009 2621 monasterio
1032 2545 1249 2620 Lauernium
1280 2542 1460 2620 kalendas

28 2639 31 2650 '
190 2647 350 2746 Aprilis,
378 2649 507 2724 annol
532 2650 636 2744 regni
652 2647 794 2734 domini
814 2647 924 2724 nostri
948 2647 1141 2724 Ludouici.
1164 2635 1174 2645 ’
1194 2647 1352 2743 Signum
1380 2645 1460 2718 Me-
1493 2636 1621 2726 12³1>ss

27 2743 30 2824 ξ
191 2749 360 2842 ginheri,
385 2749 451 2844 qui
464 2750 560 2824 hanc
575 2749 813 2827 donationem
829 2749 935 2836 fecit,
963 2747 1107 2846 signum
1132 2749 1329 2835 Rutberti,
1354 2747 1461 2829 Wal-

28 2863 29 2870 ³
193 2847 318 2931 donis,
342 2847 571 2935 Guntdoldi,
595 2843 782 2938 D'udonis,
807 2848 995 2940 Rut'wini‚
1021 2849 1218 2931 Betilonis.
1268 2846 1351 2946 Ego
1376 2844 1462 2923 Alt-

190 2943 332 3022 uulnus
357 2942 488 3046 scripit.
1025 2989 1028 2993 -

27 3069 29 3082 ’
348 3089 349 3092 ‘
660 3061 1062 3164 CCCCLXXVllla·

440 3171 620 3287 Donulin
648 3192 870 3310 Erimfridi
889 3198 930 3308 in
959 3199 1089 3290 cadem
1106 3197 1182 3292 vill
1204 3267 1215 3291 .
1339 3195 1347 3311 j
1503 3270 1506 3278 .

195 3359 379 3498 AnnoV
403 3360 506 3458 regni
533 3359 674 3435 domini
694 3359 802 3438 nostri
821 3364 1021 3444 vLudowici
1043 3367 1279 3464 gloriolillimi
1305 3368 1464 3465 impera-

212 3477 213 3480 ’
262 3464 372 3544 toris
395 3485 465 3560 ego
491 3461 714 3537 Erimfridus
737 3485 803 3562 pro
829 3469 993 3542 remedio
1020 3471 1157 3544 animae
1173 3493 1267 3544 meae
1299 3467 1395 3542 dono
1416 3469 1467 3544 ad

159 3623 165 3634 .
196 3563 356 3641 sanctum
383 3565 452 3640 Dei
466 3579 670 3661 martyrem
697 3565 925 3654 Nazarium,
949 3570 1017 3664 qui
1037 3569 1228 3666 requiescit
1250 3571 1290 3643 in
1315 3589 1465 3666 corpore

190 3666 237 3742 'in
252 3663 485 3754 monasterio,
512 3666 610 3763 quod
625 3679 779 3743 vocatur
802 3668 1063 3758 Lauresham,
1089 3670 1152 3745 ubi
1167 3669 1225 3745 vir
1244 3669 1467 3746 venerabilis

196 3766 421 3860 Adalungus
437 3767 530 3860 abba
552 3767 696 3867 praeeffe
712 3770 881 3858 videtur,
907 3769 1222 3866 donatumque·in
1248 3767 1464 3872 perpetuum
1515 3842 1519 3849 ,
1588 3825 1591 3830 -
1649 3826 1653 3833 -

27 3857 31 3982 ἵ
196 3866 268 3943 elle
292 3867 376 3940 volo
399 3867 437 3942 in
467 3869 687 3945 Uluinisheim
710 3869 736 3967 jj
760 3868 895 3968 jurnal.
917 3895 1012 3971 quos
1037 3873 1257 3949 transfundo
1287 3874 1327 3950 in
1345 3873 1465 3950 domi.
1554 3939 1558 3947 ‚

196 3969 302 4049 nium
317 3967 424 4046 sandi
437 3969 615 4061 Nazarii,
642 3973 696 4050 ita
711 3987 753 4049 ut
766 3972 938 4152 dengeps
956 3974 1137 4078 adipsum
1151 3978 1277 4057 locum
1302 3976 1464 4053 lanitium
1574 4055 1577 4059 ,

876 4100 935 4152 oo
1128 4100 1131 4105 ’
1331 4101 1416 4179 pro-
1579 4177 1585 4191 ,
