4000 5417
95 4232 119 4332 l,

174 510 416 624 minue,
444 526 592 605 nemo
616 460 856 605 asseruerit
874 518 892 623 ,'
919 486 1021 605 imo
1036 488 1127 607 rrec
1152 496 1441 642 ipieFrehe-

171 679 285 824 nis,
316 702 450 835 quod
475 702 579 801 aliis
604 696 886 835 persuadere
903 704 1090 821 voluit,
1115 702 1337 825 credidit,
1356 708 1441 837 qui

171 897 315 1001 suum
355 896 569 1034 proseeio
602 897 658 1001 de
699 897 956 1035 Leporem
992 849 1441 1021 coementem,

173 1126 299 1230 opus
321 1092 667 1231 posthumum,
701 1096 807 1199 oiio
833 1100 937 1199 aliis
970 1098 1147 1201 tabuiis
1171 1096 1440 1201 Lauresha-

17 1344 19 1423 ;
172 1294 410 1398 mensibus
430 1293 753 1445 pulcherrime
769 1298 1032 1397 exornavit
1094 1290 1149 1401 Si
1166 1294 1441 1413 dicendum,

36 1536 40 1545 ·
171 1492 302 1627 quod
326 1524 403 1595 res
430 1491 535 1613 est,
572 1488 773 1627 scriptor
806 1490 885 1593 hic
918 1522 1050 1595 nova
1080 1522 1194 1594 cum
1231 1494 1443 1627 antiquis

175 1676 514 1827 componens»,
549 1684 758 1791 timuiise
797 1687 988 1792 videtur
1028 1692 1193 1795 titulos
1226 1692 1440 1829 proferre

172 1914 370 2006 rerum,
398 1918 518 2018 ques
545 1890 597 1987 in
622 1889 848 1987 aliatum
875 1886 1108 2019 potestate
1134 1908 1336 1988 noverat
1352 1872 1443 1987 effe

172 2076 484 2202 constitutas,
514 2113 577 2183 ne
587 2089 700 2211 jnra
725 2076 973 2199 turbaret,
1000 2096 1257 2180 noceretve
1273 2078 1448 2213 poiies·
1572 2177 1576 2186 .

171 2270 365 2379 foribus.
440 2272 751 2377 Prudentiam
787 2273 948 2389 hanc,
988 2302 1088 2401 qua
1121 2270 1271 2373 fundo
1303 2270 1450 2375 histo-

173 2475 271 2575 rico
297 2470 418 2573 nihil
445 2461 657 2571 infestius
683 2542 697 2589 ‚
734 2470 788 2569 in
815 2460 1080 2569 Germania
1104 2463 1263 2567 nostra
1286 2466 1445 2571 nostro

152 2666 334 2801 ¹adhue
358 2624 660 2803 aevo'paffim
674 2662 946 2787 dominari,
974 2667 1084 2799 quis
1100 2660 1325 2797 ignorat?

171 2943 221 3070 ’,
258 2952 364 3061 Nec
408 2956 661 3087 quisquam
702 2983 864 3055 rerum
925 2948 1321 3059 Germanicarum
1362 2958 1443 3057 vei

176 3154 334 3259 obiter
351 3180 531 3281 gnarus
547 3154 778 3281 ignorat,
816 3182 924 3284 quae
942 3150 1167 3255 miserum
1203 3148 1443 3304 Palatine·

173 3372 280 3455 tum
298 3350 447 3485 paulo
464 3342 571 3483 post
586 3362 865 3481 temporum
883 3348 1218 3453 viciiirtudines
1243 3380 1444 3485 oppres-

174 3544 348 3665 serint,
378 3547 430 3645 in
456 3544 629 3675 quibus
647 3542 754 3645 heic
777 3547 1230 3648 commemorandus
1245 3547 1446 3641 omnino

161 3744 349 3882 ¹codicis
383 3738 528 3843 nostri
563 3768 679 3842 cum
723 3737 1056 3845 Laureshamo
1089 3736 1139 3842 δι
1170 3736 1444 3874 principatu

151 3889 164 4012 f'
174 3934 267 4039 suo
286 3936 348 4035 ad
368 3926 673 4067 Mogrmtines
699 3937 899 4041 reditus·
1044 3990 1051 4001 ·
1493 3977 1503 3995 ·

799 4122 833 4227 b
1072 4145 1076 4156 ·
1216 4112 1377 4223 Medio
