4000 5417
456 456 461 463 ’
548 487 605 571 ’86
895 476 1104 558 “Garatom
1130 500 1193 556 nr
1214 438 1433 558 'cunam

555 642 1291 665 mun-*n*

910 698 1086 716 *tn—
1644 696 1828 714 ⁶*-

516 868 519 877 ,
585 778 728 885 enealo
756 784 796 865 ia
811 778 978 869 coelitus
995 778 1158 897 provisa
1174 778 1363 869 secundis
1391 781 1651 867 exuberabat
1666 774 1826 867 successs

530 809 687 996 dhus,
715 808 846 978 donec
865 898 906 977 in
921 892 1076 985 Carolo
1093 920 1246 1007 magno
1254 926 1337 981 non
1352 888 1487 979 solum
1501 920 1678 1007 regnum
1694 892 1824 979 Fran·

558 1036 736 1107 corum,
762 1001 833 1091 fed
855 1006 899 1095 dt
922 1010 1084 1122 imperii
1112 1006 1295 1093 Romani
1313 1002 1523 1093 summum
1539 1007 1746 1092 obtineret
1760 1003 1821 1088 fa·

556 1120 721 1231 stigium
740 1181 751 1220 ‚
780 1120 869 1232 post
888 1120 1006 1230 cujus
1022 1116 1259 1223 diiceiium,
1288 1120 1460 1221 eodem,
1487 1146 1574 1231 quo
1591 1113 1819 1216 acceiierat,

557 1232 686 1316 modo
702 1234 829 1343 coepit
848 1231 1015 1317 fortuna
1030 1230 1244 1333 diffluere,
1273 1231 1409 1316 donec'
1424 1259 1482 1317 ex
1505 1228 1668 1321 defectu
1691 1232 1820 1341 regiae

557 1344 691 1458 stirpis
719 1339 828 1428 solus
852 1342 920 1427 hic
951 1346 1207 1455 ¹inpeniretur
1232 1371 1362 1457 regno
1389 1344 1647 1431 Francorum
1673 1342 1821 1453 guber·

557 1456 696 1541 nando
716 1456 918 1559 idoneuS,
960 1454 1006 1545 ἃ
1035 1454 1183 1570 regalis
1219 1452 1407 1571 prosapia
1431 1483 1457 1538 a
1480 1455 1604 1540 beato
1632 1450 1822 1539 Arnoldo

522 1582 529 1594 ‘
559 1569 664 1653 duce
681 1567 725 1654 dt
742 1562 933 1767 episcopo
949 1568 1145 1683 prodiens
1162 1630 1173 1669 ,
1201 1570 1244 1655 in
1259 1566 1339 1653 hoc
1368 1563 1544 1655 Arnolfo
1559 1565 1664 1650 duce
1681 1564 1726 1651 dr
1743 1567 1822 1650 im·

557 1702 751 1793 peratnre
778 1706 891 1792 quar
918 1678 1147 1882 procgreiius
1172 1674 1232 1765 sui
1261 1677 1537 1795 penultimum
1564 1675 1738 1761 iimitem
1754 1702 1821 1759 ac·

494 1821 500 1833 ’
559 1795 745 1905 ciperet,
774 1792 889 1987 ‹puod
906 1797 947 1877 in
1008 1795 1166 1878 ronicis
1183 1790 1344 1908 plenius
1373 1793 1590 1908 reperitur.
1647 1788 1731 1875 Hic
1746 1790 1821 1984 iqi-

451 2008 456 2023 ¹
557 1925 627 1991 tur
654 1902 785 1991 Arnol
803 1934 854 1991 us
883 1909 1051 2008 avitae,
1100 1902 1381 2021 patruelisque
1418 1903 1596 2019 pietatis'
1621 1927 1776 2013 exemp
1792 1930 1821 1985 o

558 2042 657 2129 erga
674 2014 1026 2105 Laureshamense
1042 2018 1334 2104 monasterium
1353 2014 1570 2101 munificus
1594 2012 1821 2100 admodum

415 2178 421 2188 ·
558 2130 742 2232 extitit,
777 2132 848 2214 cui
885 2132 1004 2217 initio
1044 2128 1253 2237 iibertatis'
1273 2131 1319 2218 dt
1354 2130 1630 2215 inmunitatis
1656 2122 1820 2243 privile·

558 2242 675 2357 gium
703 2240 829 2327 dedit,
1219 2343 1223 2352 1

1153 2394 1313 2488 XLVI.
1370 2411 1374 2421 '
1433 2436 1438 2445 ¹

367 2474 521 2621 aomaso
587 2502 846 2635 Praeceptum
862 2528 884 2575 ⁸
898 2520 1057 2630 Arnolfi
1071 2524 1181 2636 regis
1199 2526 1245 2611 de
1273 2520 1514 2611 immunitate
1535 2522 1587 2622 85
1613 2521 1793 2610 libertate

375 2632 503 2725 Freher.

933 2654 935 2659 '
1079 2633 1198 2751 hujus
1225 2637 1312 2723 lori.

585 2812 610 2862 n
641 2774 799 2860 nomine'
823 2785 950 2865 santiae
983 2787 1023 2865 dc
1042 2762 1243 2869 individuae
1266 2789 1469 2865 Trinitatis.
1522 2788 1744 2869 Aauoanus
1763 2790 1822 2866 di-

609 2887 697 2964 vina
710 2886 857 2964 favente
872 2888 993 2984 gratia
1008 2914 1086 2965 rex.
1137 2892 1178 2968 si
1191 2884 1279 2987 eiga
1296 2894 1375 2967 loca
1390 2892 1526 2967 divinis
1540 2893 1703 2993 cultibus
1716 2918 1822 2969 man·

558 2992 681 3089 cipata
695 3004 842 3089 propter
862 3013 1027 3066 amorem
1054 2992 1123 3067 Dei
1138 2992 1291 3090 ejusque
1307 2996 1346 3071 in
1358 2995 1496 3070 eisdem
1513 2995 1604 3068 locis
1620 2994 1684 3068 fibi
1699 2996 1822 3070 famu·

538 3094 677 3179 ,lantes
702 3090 877 3167 beneficia
906 3106 1091 3190 oportuna
1124 3096 1324 3189 largimur,
1365 3094 1555 3195 praemium
1587 3080 1695 3179 nobis
1721 3098 1822 3193 apud

557 3194 680 3267 Deum
694 3204 842 3269 aeternae
856 3195 1162 3271 remunerationis·
1186 3197 1333 3295 rependi
1346 3222 1420 3271 non
1434 3191 1640 3272 diffidimus.
1695 3195 1836 3273 Nove-⁸

557 3294 607 3369 rit
629 3295 765 3369 interea
792 3292 1050 3390 sagacitasseu
1076 3297 1220 3372 utilitas
1239 3290 1593 3373 omnium‘fideiium
1611 3294 1821 3373 nostrorum

555 3409 635 3473 tam
650 3394 881 3493 praesentium
897 3418 1010 3494 quam
1024 3397 1063 3475 dc
1077 3400 1305 3488 suanorum,
1326 3401 1414 3497 quia
1426 3399 1483 3475 vir
1497 3397 1711 3477 venerabilis
1726 3401 1819 3473 Ger·

556 3496 643 3572 hart
658 3496 772 3571 abbas
798 3496 1029 3587 monasterii,
1053 3497 1160 3595 cujus
1174 3501 1395 3577 vocabulum
1410 3500 1462 3575 est
1484 3496 1706 3587 dorcasinum,
1722 3500 1822 3596 quod

556 3596 608 3675 est
620 3597 861 3675 constructum
876 3600 913 3673 in
922 3598 1058 3676 honore
1076 3603 1269 3677 beatorum
1283 3602 1528 3702 apostolorum
1543 3598 1688 3677 Petri&
1702 3602 1821 3691 Pauli,
1867 3676 1871 3679 ,

557 3699 621 3776 nbi
637 3698 777 3775 sanctus
792 3702 971 3777 Nazarius
986 3717 1130 3805 martyr
1144 3728 1293 3804 corpore
1314 3702 1518 3801 requiescit,
1536 3703 1635 3800 quod
1649 3700 1699 3777 est
1712 3702 1821 3779 nrum

557 3802 598 3875 in
608 3824 700 3899 pago
727 3800 879 3899 Ranansa
897 3802 1000 3899 super
1014 3804 1179 3880 fluvium
1200 3806 1256 3886 W
1253 3810 1370 3900 agna,
1396 3804 1533 3879 obtulit
1547 3802 1736 3879 obtutibus
1758 3816 1821 3877 no-

554 3900 635 3977 stris
652 3902 902 3977 auctoritatem
917 3904 1162 3980 immunitatis
1187 3908 1327 3983 domini
1343 3904 1535 3981 Ludowici
1557 3904 1701 4003 piiffimi
1715 3904 1821 3999 regis,

557 4003 683 4103 inqua
707 4004 963 4085 continebatur
986 4004 1187 4100 insertum,
1222 4010 1378 4110 qualiter
1399 4007 1498 4085 idem
1520 4006 1595 4107 ipse
1615 4006 1824 4186 iilppsttno-

1146 4153 1151 4164 -
1733 4128 1774 4181 e-
