4000 5417
498 435 593 527 noa
623 461 628 484 ¹
755 399 762 416 Ι
929 437 1110 518 Conon.
1138 455 1200 512 nr
1225 431 1438 515 Canama

500 746 544 825 δι’
565 737 730 834 auxilio,
757 746 892 822 cellam
915 767 1053 822 novam
1078 745 1119 820 in
1144 742 1310 831 monte,
1341 739 1550 818 Abrinsberc
1576 747 1713 828 scilicet
1731 753 1771 830 in

502 849 652 926 ecclesa
674 849 782 924 santii
806 847 984 949 Stephani
1005 845 1342 946 prothomartyris,
1367 845 1415 920 ab
1438 843 1606 924 Arndldo
1631 876 1772 954 praepo-

502 951 571 1028 srto
587 953 689 1051 priu's
703 950 881 1040 fundata,
913 949 1207 1039 construximus,
1231 949 1271 1027 dt
1291 949 1477 1044 quomodo
1497 949 1672 1030 fratribus
1702 957 1773 1032 ibi·

504 1054 590 1130 dem
617 1055 695 1130 Deo
716 1053 984 1132 famulantibus
1006 1051 1180 1150 stipendia
1201 1053 1487 1146 circumquaque
1521 1059 1772 1134 accumulavi-

505 1178 609 1243 muS,
636 1155 674 1232 ὅ(
689 1177 801 1254 quam
817 1169 958 1253 partem
974 1151 1163 1229 montis&
1178 1151 1258 1250 ejus
1274 1152 1391 1246 sylvae
1411 1154 1531 1229 eidem
1554 1146 1772 1234 monasterio

412 1281 414 1286 ·
504 1257 778 1358 deputavimus
832 1255 1085 1355 inpraesentia
1107 1255 1245 1330 etenim
1270 1251 1450 1328 Bertholfi
1463 1257 1636 1334 advocati
1659 1261 1772 1336 senio·

506 1361 577 1448 ris,
604 1358 642 1434 lic
658 1359 773 1436 totius
789 1357 944 1434 familiae
960 1357 999 1432 in
1024 1355 1299 1434 Hantsruesluim
1313 1375 1382 1428 nos
1396 1356 1707 1451 consedebamus,
1733 1361 1775 1439 δι

505 1460 784 1537 confirmatione
804 1458 934 1546 banni,
960 1457 999 1535 δι
1019 1457 1206 1532 inceslione
1274 1456 1353 1555 pull
1373 1458 1573 1535 terminum
1606 1461 1775 1559 ejusdem

504 1563 579 1638 loci
599 1563 670 1638 hoc
702 1561 812 1660 modo
833 1559 1156 1660 praetitulavimus.
1209 1481 1273 1634 rig
1293 1558 1434 1654 origine
1446 1560 1576 1651 fontis,
1604 1566 1666 1660 qui
1681 1565 1772 1639 dici·

505 1675 567 1742 tur
591 1661 863 1752 Heimr'nisbnch,
890 1685 955 1761 per
968 1662 1103 1744 callem
1116 1661 1164 1736 ad
1178 1661 1368 1757 utriusque
1383 1664 1521 1740 montis
1536 1666 1773 1742 medietatem

504 1788 597 1864 pene
612 1765 831 1858 dirigentem
852 1787 970 1860 usque
987 1766 1034 1837 ad
1049 1763 1252 1851 summum,
1275 1787 1298 1838 a
1314 1763 1457 1838 summo
1472 1787 1588 1864 usque
1604 1768 1775 1844 deorsum
1812 1850 1816 1860 s

505 1867 545 1941 in
561 1887 728 1956 amnem,
755 1865 818 1962 qui
844 1865 1002 1942 vocatur
1023 1863 1267 1960 Dagririach',
1294 1863 1333 1962 dt
1354 1866 1514 1956 exinde,
1539 1892 1614 1966 qua
1628 1871 1775 1968 viapu·

505 1965 602 2044 blica
628 1966 946 2056 circumflesiitur,
971 1989 1089 2064 usque
1112 1967 1161 2042 ad
1193 1967 1355 2056 collem,
1388 1970 1455 2064 qni
1479 1968 1613 2048 dicitur
1637 1972 1776 2046 Holen-

504 2065 621 2155 buhel,
646 2067 685 2146 dt
701 2068 747 2144 fic
762 2067 802 2143 in
817 2067 1000 2146 ascensum
1014 2065 1180 2164 ejusdem
1205 2069 1328 2157 collis,
1354 2071 1541 2167 perillum
1556 2074 1698 2162 locum,
1713 2071 1778 2170 qui

508 2171 792 2266 cognominatur
817 2171 910 2259 Lar,
936 2192 1002 2270 per
1017 2171 1135 2245 latera
1148 2171 1305 2258 montis,
1319 2194 1439 2267 usque
1452 2173 1500 2248 ad
1516 2175 1675 2262 vineam
1690 2195 1776 2270 qliae
1812 2239 1816 2248 .

509 2285 664 2348 vocamur
689 2267 865 2368 Busendnl
878 2327 888 2360 ,
914 2271 1030 2348 &ita
1053 2271 1094 2346 in
1107 2271 1295 2346 ascensum
1316 2294 1381 2367 per
1402 2272 1654 2349 summitatem
1680 2273 1777 2368 ejus·

506 2373 592 2450 dem
612 2373 731 2448 vlneae
755 2375 937 2469 usquead
963 2373 1141 2466 originem
1154 2373 1284 2471 prioris
1307 2371 1437 2460 sontis,
1462 2373 1567 2448 idest
1591 2375 1775 2447 Haiminis-

507 2474 617 2561 aare,
643 2473 771 2548 tendit.
825 2476 868 2548 In
884 2471 955 2549 hac
979 2497 1068 2550 vero
1094 2469 1400 2547 determinatione
1415 2473 1659 2571 disposuimus
1685 2496 1776 2547 cum

393 2599 398 2606 ·
507 2575 692 2674 'sietperto
706 2575 913 2661 monacho,
939 2573 977 2650 or
1004 2573 1187 2660 Gerlacho
1203 2572 1393 2660 converso,
1419 2576 1635 2672 caeterisque
1654 2574 1776 2649 sratri·

340 2725 348 2751 ,-
383 2740 405 2756 s.
503 2675 578 2752 bus
611 2691 698 2752 tunc
713 2689 876 2774 tempore
901 2675 1037 2749 ibidem
1051 2673 1285 2768 degentibuS,
1311 2687 1354 2748 ut
1368 2674 1409 2750 in
1423 2673 1545 2752 radice
1567 2678 1704 2752 montis
1720 2676 1776 2751 vi·

506 2801 661 2856 near-um
678 2777 809 2875 jugera
835 2775 1074 2861 metiremur,
1099 2798 1143 2849 ea
1168 2775 1338 2850 videlicet
1359 2777 1527 2865 ratione,
1552 2791 1596 2854 ut
1613 2791 1705 2873 quot
1715 2774 1778 2872 ju·

508 2905 620 2978 gera,
648 2896 704 2958 tot
720 2880 822 2956 solidi
840 2878 992 2977 praelato
1007 2874 1166 2953 ecclesiae
1180 2877 1219 2950 in
1233 2875 1320 2950 festo
1332 2875 1445 2951 santii
1467 2879 1630 2973 Remigii
1644 2878 1778 2978 persol-

508 2998 690 3059 verentur.
718 2983 792 3058 Sed
807 3003 921 3078 quum
938 2979 987 3055 ad
1000 2999 1190 3053 cameram
1202 2975 1365 3070 nostram
1379 2999 1489 3053 mons
1504 2993 1605 3056 totus
1619 2979 1657 3056 δι
1675 2980 1779 3075 sylva

507 3086 706 3181 pertinuit,
733 3082 1015 3160 decimationem
1029 3081 1222 3155 vinearum
1242 3077 1316 3154 srve
1340 3079 1491 3176 frugum
1512 3082 1669 3156 aliarum
1692 3080 1803 3155 abs·.

510 3209 583 3282 que
600 3184 701 3260 omni
728 3183 1009 3260 contradictione
1031 3182 1247 3256 clericorum
1261 3183 1322 3256 vel
1347 3181 1527 3258 laicorum
1553 3184 1601 3258 ad
1614 3183 1775 3257 eandem

507 3287 695 3364 ecclesiam
717 3286 924 3385 praesentari
937 3281 1201 3358 constituimus.
1254 3283 1515 3387 interdiximus
1533 3285 1664 3372 etiam,
1679 3284 1777 3379 quod

507 3385 634 3465 nullus
659 3389 855 3463 hominum
876 3384 949 3461 five
975 3381 1192 3479 majorissrt
1214 3397 1331 3473 natu,
1359 3381 1614 3474 liveminoris,
1642 3385 1778 3469 audeat

474 3565 476 3576 ,
507 3489 547 3565 in
562 3489 865 3566 determinatione
879 3486 944 3561 illa
957 3486 1157 3582 quicquam
1183 3482 1248 3569 libi
1262 3483 1452 3585 usurpare,
1478 3509 1596 3584 neque
1611 3487 1650 3560 in
1667 3499 1777 3574 terra,
1915 3502 1918 3506 ’

507 3615 625 3689 neque
639 3592 678 3666 in
693 3589 826 3666 vinetis
843 3643 854 3678 ,
880 3597 997 3686 neque
1014 3586 1053 3661 in
1067 3585 1292 3674 arboribus,
1310 3583 1432 3683 neque
1445 3590 1485 3664 in
1499 3589 1701 3688 lapidibus,
1715 3598 1780 3663 nei
1852 3673 1861 3688 Ι

507 3695 632 3791 quein
646 3693 725 3768 ulla
740 3689 912 3767 utilitatis
938 3688 1067 3777 causa,
1093 3703 1228 3787 praeter
1241 3689 1331 3776 hoc,
1356 3690 1457 3784 quod
1473 3713 1496 3766 a
1511 3689 1684 3786 magillro
1707 3689 1778 3765 loci

506 3796 567 3872 vel
593 3794 807 3872 afratribus
820 3791 1053 3870 haereditario
1064 3787 1147 3883 jure
1163 3789 1265 3888 poffit
1277 3802 1456 3887 appetere.
1485 3789 1548 3867 Ad
1561 3791 1778 3868 confirman-

507 3899 595 3974 dam
613 3910 738 3972 autem
754 3896 851 3970 hanc
868 3889 1130 3968 institutionem
1145 3891 1184 3968 δι
1209 3889 1367 3967 ecclesiae
1380 3891 1509 3970 nostrae
1531 3894 1708 3968 honorem
1723 3892 1776 3968 fe-

510 3999 630 4078 cimus
655 3998 753 4076 hanc
773 4011 915 4076 cartam
940 3991 1141 4083 conscribi,
1164 3991 1203 4072 δι
1224 3992 1337 4103 srgilli⁸
1350 3993 1460 4081 nostri
1473 3996 1706 4172 imprepsrone·
1721 3993 1775 4068 in·
1806 4075 1809 4086 ,

1386 4109 1392 4117 ·
1605 4112 1734 4191 rgmrn
