4000 5417
194 496 225 631 ζ,
242 526 404 613 terum
430 500 675 607 musanuu
691 504 869 621 stator,
899 498 981 605 hic
1005 501 1104 641 ipse
1127 506 1250 626 fuit,
1276 512 1359 641 qui
1376 540 1464 611 un·

131 700 136 707 ’
190 782 222 831 ,,
240 705 555 840 tiquiffimum
586 728 793 833 eumque
827 716 988 801 totum
1023 668 1272 805 aureolum
1313 703 1464 807 tradi-

155 900 223 1025 '„
243 910 423 1005 tionum
458 895 919 1033 Lamuuumensum
954 896 1186 1020 cadim,
1233 931 1329 1033 quo
1358 908 1462 1031 jam

191 1173 225 1221 „
245 1098 468 1215 antehac,
490 1126 621 1197 anno
640 1096 869 1193 nimitum
885 1090 1178 1216 MDCCXII,
1197 1100 1249 1199 in
1267 1092 1461 1230 quibus·

194 1295 359 1417 „dam
402 1296 528 1395 inter
574 1284 985 1425 ascluepiscopum
1027 1290 1371 1424 Moguntinum
1413 1292 1465 1397 &

190 1566 222 1617 ‚,
242 1472 557 1602 electoratum'
588 1484 865 1589 Palatinum
897 1492 1257 1614 controversus,
1304 1494 1460 1593 amice

191 1763 222 1810 „
242 1686 559 1823 compofitis,
603 1712 717 1787 cum
753 1687 940 1814 ingenti
973 1688 1128 1792 frustu
1161 1688 1459 1797 Francosurti

193 1960 225 2005 „
243 1884 314 1987 ufi
347 1883 634 2001 fueramus,
679 1879 820 1983 nobis
857 1884 910 1983 in
951 1880 1196 1985 Austrimn
1236 1884 1470 2011 autogra·'
1597 1942 1606 1953 ·

191 2154 226 2201 „
248 2080 407 2215 phum
423 2072 778 2179 clementifflme
803 2082 996 2177 mittere
1023 2081 1185 2177 nullus
1211 2060 1461 2197 dubitauit,

188 2350 220 2395 ‚,
241 2306 302 2375 ex
330 2302 425 2402 quo
464 2271 518 2367 in
550 2265 696 2401 spiffls
725 2272 819 2369 illis
853 2273 1165 2399 antiquorum
1192 2264 1465 2375 Germaniae

187 2542 221 2591 ‚,
241 2492 481 2605 pagorum
497 2463 732 2582 tenebris,
752 2463 1014 2566 accedente
1029 2456 1300 2597 praesertim
1319 2466 1463 2567 unius

184 2665 425 2792 „uitem
452 2664 649 2765 alterius
684 2660 858 2765 eruditi
883 2661 978 2767 viri
1005 2616 1218 2781 auxilio,
1246 2688 1359 2762 cam
1387 2664 1478 2775 lu·‚

187 2935 223 2982 „
245 2886 357 2959 cem
384 2861 657 2987 accepimus
691 2930 706 2974 ,
737 2888 835 2989 qua
865 2862 1101 2987 majorem
1130 2856 1324 2961 aliunde
1339 2807 1482 2959 Ger«.

186 3126 221 3176 „
242 3054 411 3159 mania
441 3050 525 3152 uix
562 3076 620 3149 ac
653 3076 717 3148 ne
754 3052 837 3150 vix
871 3052 1065 3182 quidem
1098 3048 1459 3203 exspectaverit,

187 3322 221 3370 „
239 3238 475 3352 Codicem
510 3243 642 3346 hunc
679 3243 924 3375 quibusvis
943 3254 1157 3379 *gemmis
1190 3249 1460 3379 chariorem

187 3518 219 3566 „
238 3474 299 3548 ex
336 3439 642 3574 autogcapho
674 3458 839 3544 curate
874 3474 931 3545 ac
956 3446 1105 3548 nitide
1138 3441 1457 3581 descriptum,

186 3714 219 3762 ‚,
244 3664 392 3772 quum
424 3640 639 3772 primum
669 3642 952 3770 pergravia
976 3640 1072 3737 alia
1097 3642 1293 3763 negotia
1317 3640 1462 3737 licue·
1603 3678 1609 3685 ·

189 3904 226 3954 ‚,
248 3836 348 3975 cit,
385 3832 577 3968 publico
604 3826 881 3937 Gennaniae
908 3828 1167 3937 commodo
1194 3859 1308 3935 cum
1332 3832 1459 3939 bono

774 4029 808 4135 b
843 4054 875 4132 2
1228 4106 1262 4154 „
1281 4029 1386 4136 Deo
