<?xml version="1.0" encoding="UTF-8"?>
<!DOCTYPE html PUBLIC "-//W3C//DTD XHTML 1.0 Transitional//EN"
    "http://www.w3.org/TR/xhtml1/DTD/xhtml1-transitional.dtd">
<html xmlns="http://www.w3.org/1999/xhtml" xml:lang="en" lang="en">
 <head>
  <title>
</title>
<meta http-equiv="Content-Type" content="text/html;charset=utf-8" />
  <meta name='ocr-system' content='tesseract 3.04.00' />
  <meta name='ocr-capabilities' content='ocr_page ocr_carea ocr_par ocr_line ocrx_word'/>
</head>
<body>
  <div class='ocr_page' id='page_1' title='image "./codexprincipiso00egyegoog_0362.png"; bbox 0 0 4000 5417; ppageno 0'>
   <div class='ocr_carea' id='block_1_1' title="bbox 489 415 1306 522">
    <p class='ocr_par' dir='ltr' id='par_1_1' title="bbox 489 415 1306 522">
     <span class='ocr_line' id='line_1_1' title="bbox 489 415 1306 522; baseline 0.002 -25"><span class='ocrx_word' id='word_1_1' title='bbox 489 441 573 522; x_wconf 80' lang='lat'>324</span> <span class='ocrx_word' id='word_1_2' title='bbox 951 415 1306 506; x_wconf 69' lang='lat' dir='ltr'>nasamones</span> 
     </span>
    </p>
   </div>
   <div class='ocr_carea' id='block_1_2' title="bbox 1057 723 1307 818">
    <p class='ocr_par' dir='ltr' id='par_1_2' title="bbox 1057 723 1307 818">
     <span class='ocr_line' id='line_1_2' title="bbox 1057 723 1307 818; baseline -0.024 0"><span class='ocrx_word' id='word_1_3' title='bbox 1057 723 1307 818; x_wconf 88' lang='lat' dir='ltr'>CCXXXI.</span> 
     </span>
    </p>
   </div>
   <div class='ocr_carea' id='block_1_3' title="bbox 336 851 1773 986">
    <p class='ocr_par' dir='ltr' id='par_1_3' title="bbox 336 851 1773 986">
     <span class='ocr_line' id='line_1_3' title="bbox 336 851 1773 986; baseline 0.007 -41"><span class='ocrx_word' id='word_1_4' title='bbox 336 867 340 872; x_wconf 83' lang='grc'><em>’</em></span> <span class='ocrx_word' id='word_1_5' title='bbox 495 851 678 955; x_wconf 76' lang='lat' dir='ltr'>Donatio</span> <span class='ocrx_word' id='word_1_6' title='bbox 695 852 849 950; x_wconf 81' lang='lat' dir='ltr'>Stobos</span> <span class='ocrx_word' id='word_1_7' title='bbox 863 854 906 948; x_wconf 86' lang='lat' dir='ltr'>ia</span> <span class='ocrx_word' id='word_1_8' title='bbox 921 852 1294 974; x_wconf 74' lang='lat' dir='ltr'>Baftasbaimfabi&#39;a</span> <span class='ocrx_word' id='word_1_9' title='bbox 1301 859 1380 976; x_wconf 80' lang='lat' dir='ltr'>sab</span> <span class='ocrx_word' id='word_1_10' title='bbox 1399 886 1495 978; x_wconf 80' lang='lat' dir='ltr'>rege</span> <span class='ocrx_word' id='word_1_11' title='bbox 1518 861 1709 986; x_wconf 68' lang='lat' dir='ltr'>Pbapiao,</span> <span class='ocrx_word' id='word_1_12' title='bbox 1720 865 1773 966; x_wconf 66' lang='grc' dir='ltr'>Θ</span> 
     </span>
    </p>
   </div>
   <div class='ocr_carea' id='block_1_4' title="bbox 924 971 1364 1090">
    <p class='ocr_par' dir='ltr' id='par_1_4' title="bbox 924 971 1364 1090">
     <span class='ocr_line' id='line_1_4' title="bbox 924 971 1364 1090; baseline -0.009 -26"><span class='ocrx_word' id='word_1_13' title='bbox 924 971 1180 1090; x_wconf 74' lang='lat' dir='ltr'>Gundusaado</span> <span class='ocrx_word' id='word_1_14' title='bbox 1209 971 1364 1060; x_wconf 80' lang='lat' dir='ltr'><em>abbate.</em></span> 
     </span>
    </p>
   </div>
   <div class='ocr_carea' id='block_1_5' title="bbox 353 1135 1774 2159">
    <p class='ocr_par' dir='ltr' id='par_1_5' title="bbox 353 1135 1774 2159">
     <span class='ocr_line' id='line_1_5' title="bbox 495 1135 1773 1281; baseline 0.009 -66"><span class='ocrx_word' id='word_1_15' title='bbox 495 1147 599 1281; x_wconf 78' lang='lat' dir='ltr'>Ego</span> <span class='ocrx_word' id='word_1_16' title='bbox 613 1135 654 1215; x_wconf 87' lang='lat' dir='ltr'>in</span> <span class='ocrx_word' id='word_1_17' title='bbox 678 1136 748 1214; x_wconf 92' lang='lat' dir='ltr'>Dei</span> <span class='ocrx_word' id='word_1_18' title='bbox 771 1138 920 1215; x_wconf 90' lang='lat' dir='ltr'>nomine</span> <span class='ocrx_word' id='word_1_19' title='bbox 944 1135 1051 1216; x_wconf 85' lang='lat' dir='ltr'>Staio</span> <span class='ocrx_word' id='word_1_20' title='bbox 1073 1137 1169 1214; x_wconf 92' lang='lat' dir='ltr'>dono</span> <span class='ocrx_word' id='word_1_21' title='bbox 1192 1139 1242 1214; x_wconf 89' lang='lat' dir='ltr'>ad</span> <span class='ocrx_word' id='word_1_22' title='bbox 1263 1137 1427 1216; x_wconf 76' lang='lat' dir='ltr'>sanstum</span> <span class='ocrx_word' id='word_1_23' title='bbox 1452 1141 1656 1234; x_wconf 76' lang='lat' dir='ltr'>Nazarium</span> <span class='ocrx_word' id='word_1_24' title='bbox 1674 1168 1773 1226; x_wconf 85' lang='lat' dir='ltr'>mar·</span> 
     </span>
     <span class='ocr_line' id='line_1_6' title="bbox 366 1237 1774 1338; baseline 0.01 -25"><span class='ocrx_word' id='word_1_25' title='bbox 366 1273 369 1279; x_wconf 29' lang='lat' dir='ltr'>v</span> <span class='ocrx_word' id='word_1_26' title='bbox 576 1254 699 1338; x_wconf 84' lang='lat' dir='ltr'>tyrem</span> <span class='ocrx_word' id='word_1_27' title='bbox 711 1239 847 1318; x_wconf 86' lang='lat' dir='ltr'>Christi</span> <span class='ocrx_word' id='word_1_28' title='bbox 864 1262 983 1318; x_wconf 87' lang='lat' dir='ltr'>unum</span> <span class='ocrx_word' id='word_1_29' title='bbox 1004 1251 1155 1338; x_wconf 88' lang='lat' dir='ltr'>pratum</span> <span class='ocrx_word' id='word_1_30' title='bbox 1174 1237 1213 1315; x_wconf 89' lang='lat'>&amp;</span> <span class='ocrx_word' id='word_1_31' title='bbox 1222 1237 1358 1336; x_wconf 86' lang='lat' dir='ltr'>jurnas.</span> <span class='ocrx_word' id='word_1_32' title='bbox 1370 1239 1398 1338; x_wconf 87' lang='lat' dir='ltr'>jj</span> <span class='ocrx_word' id='word_1_33' title='bbox 1413 1243 1460 1318; x_wconf 88' lang='lat' dir='ltr'>de</span> <span class='ocrx_word' id='word_1_34' title='bbox 1485 1257 1585 1322; x_wconf 86' lang='lat' dir='ltr'>terra</span> <span class='ocrx_word' id='word_1_35' title='bbox 1610 1251 1774 1328; x_wconf 85' lang='lat' dir='ltr'>aratoria</span> 
     </span>
     <span class='ocr_line' id='line_1_7' title="bbox 496 1338 1773 1441; baseline 0.008 -21"><span class='ocrx_word' id='word_1_36' title='bbox 496 1364 524 1420; x_wconf 82' lang='lat' dir='ltr'><strong>a</strong></span> <span class='ocrx_word' id='word_1_37' title='bbox 536 1341 596 1418; x_wconf 87' lang='lat' dir='ltr'>die</span> <span class='ocrx_word' id='word_1_38' title='bbox 608 1341 785 1441; x_wconf 77' lang='lat' dir='ltr'>praesente</span> <span class='ocrx_word' id='word_1_39' title='bbox 799 1343 845 1419; x_wconf 90' lang='lat' dir='ltr'>de</span> <span class='ocrx_word' id='word_1_40' title='bbox 862 1340 948 1438; x_wconf 87' lang='lat' dir='ltr'>jure&#39;</span> <span class='ocrx_word' id='word_1_41' title='bbox 960 1364 1045 1418; x_wconf 90' lang='lat' dir='ltr'>meo</span> <span class='ocrx_word' id='word_1_42' title='bbox 1060 1341 1099 1417; x_wconf 90' lang='lat' dir='ltr'>in</span> <span class='ocrx_word' id='word_1_43' title='bbox 1119 1338 1181 1438; x_wconf 85' lang='lat' dir='ltr'>jus</span> <span class='ocrx_word' id='word_1_44' title='bbox 1195 1340 1234 1418; x_wconf 76' lang='grc' dir='ltr'>δι</span> <span class='ocrx_word' id='word_1_45' title='bbox 1256 1344 1545 1423; x_wconf 79' lang='lat' dir='ltr'>dammationem</span> <span class='ocrx_word' id='word_1_46' title='bbox 1560 1346 1669 1426; x_wconf 76' lang='lat' dir='ltr'>sansii</span> <span class='ocrx_word' id='word_1_47' title='bbox 1695 1352 1773 1430; x_wconf 87' lang='lat' dir='ltr'>Na·</span> 
     </span>
     <span class='ocr_line' id='line_1_8' title="bbox 494 1442 1772 1544; baseline 0.007 -24"><span class='ocrx_word' id='word_1_48' title='bbox 494 1443 605 1531; x_wconf 73' lang='lat' dir='ltr'>narii,</span> <span class='ocrx_word' id='word_1_49' title='bbox 630 1444 695 1540; x_wconf 79' lang='lat' dir='ltr'>qui</span> <span class='ocrx_word' id='word_1_50' title='bbox 709 1444 902 1541; x_wconf 86' lang='lat' dir='ltr'>requiescit</span> <span class='ocrx_word' id='word_1_51' title='bbox 915 1442 956 1520; x_wconf 89' lang='lat' dir='ltr'>in</span> <span class='ocrx_word' id='word_1_52' title='bbox 969 1465 1119 1543; x_wconf 87' lang='lat' dir='ltr'>corpore</span> <span class='ocrx_word' id='word_1_53' title='bbox 1133 1443 1172 1518; x_wconf 90' lang='lat' dir='ltr'>in</span> <span class='ocrx_word' id='word_1_54' title='bbox 1187 1465 1283 1544; x_wconf 80' lang='lat' dir='ltr'>pago</span> <span class='ocrx_word' id='word_1_55' title='bbox 1309 1445 1474 1535; x_wconf 88' lang='lat' dir='ltr'>Rinensr,</span> <span class='ocrx_word' id='word_1_56' title='bbox 1500 1448 1538 1524; x_wconf 93' lang='lat' dir='ltr'>in</span> <span class='ocrx_word' id='word_1_57' title='bbox 1551 1449 1772 1530; x_wconf 89' lang='lat' dir='ltr'>monasterio</span> 
     </span>
     <span class='ocr_line' id='line_1_9' title="bbox 495 1543 1770 1652; baseline 0.005 -28"><span class='ocrx_word' id='word_1_58' title='bbox 495 1543 751 1634; x_wconf 84' lang='lat' dir='ltr'>Lauresham,</span> <span class='ocrx_word' id='word_1_59' title='bbox 776 1545 990 1644; x_wconf 78' lang='lat' dir='ltr'>praedisiam</span> <span class='ocrx_word' id='word_1_60' title='bbox 1005 1567 1085 1621; x_wconf 89' lang='lat' dir='ltr'>rem</span> <span class='ocrx_word' id='word_1_61' title='bbox 1099 1545 1138 1620; x_wconf 91' lang='lat' dir='ltr'>in</span> <span class='ocrx_word' id='word_1_62' title='bbox 1162 1545 1409 1652; x_wconf 79' lang='lat' dir='ltr'>Bafiassuimar</span> <span class='ocrx_word' id='word_1_63' title='bbox 1423 1549 1576 1626; x_wconf 88' lang='lat' dir='ltr'>marcha</span> <span class='ocrx_word' id='word_1_64' title='bbox 1589 1552 1695 1628; x_wconf 82' lang='lat' dir='ltr'>trado</span> <span class='ocrx_word' id='word_1_65' title='bbox 1711 1567 1770 1630; x_wconf 87' lang='lat' dir='ltr'>at·</span> 
     </span>
     <span class='ocr_line' id='line_1_10' title="bbox 386 1646 1770 1748; baseline 0.009 -27"><span class='ocrx_word' id='word_1_66' title='bbox 386 1673 397 1680; x_wconf 88' lang='lat'>·</span> <span class='ocrx_word' id='word_1_67' title='bbox 496 1668 569 1745; x_wconf 91' lang='lat' dir='ltr'>que</span> <span class='ocrx_word' id='word_1_68' title='bbox 583 1647 820 1734; x_wconf 82' lang='lat' dir='ltr'><strong>transfundo,</strong></span> <span class='ocrx_word' id='word_1_69' title='bbox 844 1647 898 1721; x_wconf 83' lang='lat' dir='ltr'>ita</span> <span class='ocrx_word' id='word_1_70' title='bbox 912 1660 955 1722; x_wconf 92' lang='lat' dir='ltr'>ut</span> <span class='ocrx_word' id='word_1_71' title='bbox 969 1647 1017 1724; x_wconf 92' lang='lat' dir='ltr'>ab</span> <span class='ocrx_word' id='word_1_72' title='bbox 1035 1646 1107 1721; x_wconf 89' lang='lat' dir='ltr'>hac</span> <span class='ocrx_word' id='word_1_73' title='bbox 1126 1647 1185 1722; x_wconf 87' lang='lat' dir='ltr'>die</span> <span class='ocrx_word' id='word_1_74' title='bbox 1200 1649 1249 1724; x_wconf 88' lang='lat' dir='ltr'>ad</span> <span class='ocrx_word' id='word_1_75' title='bbox 1264 1649 1385 1748; x_wconf 90' lang='lat' dir='ltr'>ipsum</span> <span class='ocrx_word' id='word_1_76' title='bbox 1399 1649 1561 1730; x_wconf 79' lang='lat' dir='ltr'>sanitum</span> <span class='ocrx_word' id='word_1_77' title='bbox 1575 1653 1770 1733; x_wconf 85' lang='lat' dir='ltr'>locumvel</span> 
     </span>
     <span class='ocr_line' id='line_1_11' title="bbox 496 1747 1770 1851; baseline 0.009 -27"><span class='ocrx_word' id='word_1_78' title='bbox 496 1751 547 1824; x_wconf 84' lang='lat' dir='ltr'>ad</span> <span class='ocrx_word' id='word_1_79' title='bbox 559 1760 711 1844; x_wconf 86' lang='lat' dir='ltr'>agentes</span> <span class='ocrx_word' id='word_1_80' title='bbox 732 1747 840 1845; x_wconf 78' lang='lat' dir='ltr'>ipsius</span> <span class='ocrx_word' id='word_1_81' title='bbox 854 1749 957 1824; x_wconf 88' lang='lat' dir='ltr'>omni</span> <span class='ocrx_word' id='word_1_82' title='bbox 972 1761 1145 1848; x_wconf 82' lang='lat' dir='ltr'>tempore</span> <span class='ocrx_word' id='word_1_83' title='bbox 1170 1749 1337 1848; x_wconf 87' lang='lat' dir='ltr'>proficiat</span> <span class='ocrx_word' id='word_1_84' title='bbox 1361 1752 1401 1829; x_wconf 90' lang='lat' dir='ltr'>in</span> <span class='ocrx_word' id='word_1_85' title='bbox 1416 1767 1686 1851; x_wconf 86' lang='lat' dir='ltr'><strong>augmentum,</strong></span> <span class='ocrx_word' id='word_1_86' title='bbox 1711 1757 1770 1836; x_wconf 82' lang='lat' dir='ltr'>sti-</span> 
     </span>
     <span class='ocr_line' id='line_1_12' title="bbox 494 1847 1771 1960; baseline 0.008 -35"><span class='ocrx_word' id='word_1_87' title='bbox 494 1849 685 1950; x_wconf 90' lang='lat' dir='ltr'>pulatione</span> <span class='ocrx_word' id='word_1_88' title='bbox 700 1847 866 1932; x_wconf 79' lang='lat' dir='ltr'>subnixa.</span> <span class='ocrx_word' id='word_1_89' title='bbox 919 1847 1057 1926; x_wconf 81' lang='lat' dir='ltr'>Atium</span> <span class='ocrx_word' id='word_1_90' title='bbox 1072 1850 1111 1926; x_wconf 90' lang='lat' dir='ltr'>in</span> <span class='ocrx_word' id='word_1_91' title='bbox 1126 1853 1342 1932; x_wconf 83' lang='lat' dir='ltr'>monasterio</span> <span class='ocrx_word' id='word_1_92' title='bbox 1368 1855 1583 1934; x_wconf 71' lang='lat' dir='ltr'>lauresham</span> <span class='ocrx_word' id='word_1_93' title='bbox 1597 1859 1771 1960; x_wconf 89' lang='lat' dir='ltr'>tempori·</span> 
     </span>
     <span class='ocr_line' id='line_1_13' title="bbox 494 1949 1771 2060; baseline 0.007 -29"><span class='ocrx_word' id='word_1_94' title='bbox 494 1951 566 2031; x_wconf 89' lang='lat' dir='ltr'>bus</span> <span class='ocrx_word' id='word_1_95' title='bbox 593 1951 827 2028; x_wconf 89' lang='lat' dir='ltr'>Gundelandi</span> <span class='ocrx_word' id='word_1_96' title='bbox 842 1950 1007 2043; x_wconf 87' lang='lat' dir='ltr'>abbatis,</span> <span class='ocrx_word' id='word_1_97' title='bbox 1033 1949 1262 2052; x_wconf 84' lang='lat' dir='ltr'>&amp;regnante</span> <span class='ocrx_word' id='word_1_98' title='bbox 1285 1980 1372 2055; x_wconf 86' lang='lat' dir='ltr'>rege</span> <span class='ocrx_word' id='word_1_99' title='bbox 1398 1958 1564 2060; x_wconf 84' lang='lat' dir='ltr'>Pippino.</span> <span class='ocrx_word' id='word_1_100' title='bbox 1615 1961 1771 2058; x_wconf 82' lang='lat' dir='ltr'>Signum</span> 
     </span>
     <span class='ocr_line' id='line_1_14' title="bbox 353 2051 1772 2159; baseline 0.011 -31"><span class='ocrx_word' id='word_1_101' title='bbox 353 2056 355 2063; x_wconf 85' lang='lat'>&#39;</span> <span class='ocrx_word' id='word_1_102' title='bbox 494 2052 646 2141; x_wconf 83' lang='lat' dir='ltr'><strong>Stahal,</strong></span> <span class='ocrx_word' id='word_1_103' title='bbox 672 2051 736 2152; x_wconf 91' lang='lat' dir='ltr'>qui</span> <span class='ocrx_word' id='word_1_104' title='bbox 747 2052 845 2134; x_wconf 81' lang='lat' dir='ltr'>hanc</span> <span class='ocrx_word' id='word_1_105' title='bbox 860 2053 1242 2138; x_wconf 82' lang='lat' dir='ltr'>donationemfieai&amp;</span> <span class='ocrx_word' id='word_1_106' title='bbox 1255 2059 1396 2138; x_wconf 76' lang='lat' dir='ltr'>firman</span> <span class='ocrx_word' id='word_1_107' title='bbox 1410 2063 1567 2159; x_wconf 82' lang='lat' dir='ltr'>rogavit.</span> <span class='ocrx_word' id='word_1_108' title='bbox 1619 2063 1772 2144; x_wconf 85' lang='lat' dir='ltr'>Samuel</span> 
     </span>
    </p>
   </div>
   <div class='ocr_carea' id='block_1_6' title="bbox 492 2153 1303 2352">
    <p class='ocr_par' dir='ltr' id='par_1_6' title="bbox 492 2153 1303 2352">
     <span class='ocr_line' id='line_1_15' title="bbox 492 2153 624 2257; baseline -0.015 -23"><span class='ocrx_word' id='word_1_109' title='bbox 492 2153 624 2257; x_wconf 77' lang='lat' dir='ltr'>scripu</span> 
     </span>
     <span class='ocr_line' id='line_1_16' title="bbox 1035 2259 1303 2352; baseline -0.026 -1"><span class='ocrx_word' id='word_1_110' title='bbox 1035 2259 1303 2352; x_wconf 84' lang='lat' dir='ltr'><strong>CCXXXII.</strong></span> 
     </span>
    </p>
   </div>
   <div class='ocr_carea' id='block_1_7' title="bbox 489 2385 1773 2617">
    <p class='ocr_par' dir='ltr' id='par_1_7' title="bbox 489 2385 1773 2617">
     <span class='ocr_line' id='line_1_17' title="bbox 489 2385 1773 2499; baseline 0.001 -18"><span class='ocrx_word' id='word_1_111' title='bbox 489 2387 672 2482; x_wconf 79' lang='lat' dir='ltr'>Donatio</span> <span class='ocrx_word' id='word_1_112' title='bbox 694 2386 1179 2499; x_wconf 78' lang='lat' dir='ltr'>Udoais,filiiLaadoais‚</span> <span class='ocrx_word' id='word_1_113' title='bbox 1197 2392 1239 2478; x_wconf 81' lang='lat' dir='ltr'>ia</span> <span class='ocrx_word' id='word_1_114' title='bbox 1255 2385 1488 2476; x_wconf 81' lang='lat' dir='ltr'>eadem&#39;ailsa</span> <span class='ocrx_word' id='word_1_115' title='bbox 1508 2389 1773 2486; x_wconf 78' lang='lat' dir='ltr'><em>aaaoXIIII</em></span> 
     </span>
     <span class='ocr_line' id='line_1_18' title="bbox 633 2495 1622 2617; baseline 0.002 -30"><span class='ocrx_word' id='word_1_116' title='bbox 633 2501 752 2614; x_wconf 76' lang='lat' dir='ltr'>regas</span> <span class='ocrx_word' id='word_1_117' title='bbox 767 2500 941 2617; x_wconf 65' lang='lat' dir='ltr'>Puppim</span> <span class='ocrx_word' id='word_1_118' title='bbox 953 2501 1088 2617; x_wconf 80' lang='lat' dir='ltr'>regis,</span> <span class='ocrx_word' id='word_1_119' title='bbox 1115 2495 1212 2590; x_wconf 72' lang='lat' dir='ltr'>Sao</span> <span class='ocrx_word' id='word_1_120' title='bbox 1231 2499 1449 2614; x_wconf 85' lang='lat' dir='ltr'>Rutgaada</span> <span class='ocrx_word' id='word_1_121' title='bbox 1469 2499 1622 2588; x_wconf 80' lang='lat' dir='ltr'>abbata.</span> 
     </span>
    </p>
   </div>
   <div class='ocr_carea' id='block_1_8' title="bbox 463 2663 1870 3071">
    <p class='ocr_par' dir='ltr' id='par_1_8' title="bbox 463 2663 1870 3071">
     <span class='ocr_line' id='line_1_19' title="bbox 490 2663 1763 2809; baseline -0.002 -61"><span class='ocrx_word' id='word_1_122' title='bbox 490 2675 546 2809; x_wconf 81' lang='lat' dir='ltr'>In</span> <span class='ocrx_word' id='word_1_123' title='bbox 559 2665 693 2748; x_wconf 85' lang='lat' dir='ltr'>Christi</span> <span class='ocrx_word' id='word_1_124' title='bbox 704 2667 853 2746; x_wconf 89' lang='lat' dir='ltr'>nomine</span> <span class='ocrx_word' id='word_1_125' title='bbox 864 2690 932 2764; x_wconf 85' lang='lat' dir='ltr'>ego</span> <span class='ocrx_word' id='word_1_126' title='bbox 945 2665 1048 2754; x_wconf 87' lang='lat' dir='ltr'>Udo,</span> <span class='ocrx_word' id='word_1_127' title='bbox 1073 2663 1174 2742; x_wconf 84' lang='lat' dir='ltr'>filius</span> <span class='ocrx_word' id='word_1_128' title='bbox 1186 2665 1370 2746; x_wconf 90' lang='lat' dir='ltr'>Landonis</span> <span class='ocrx_word' id='word_1_129' title='bbox 1385 2667 1591 2766; x_wconf 89' lang='lat' dir='ltr'>quondam,</span> <span class='ocrx_word' id='word_1_130' title='bbox 1617 2689 1684 2768; x_wconf 86' lang='lat' dir='ltr'>pro</span> <span class='ocrx_word' id='word_1_131' title='bbox 1692 2665 1763 2746; x_wconf 89' lang='lat' dir='ltr'>Dei</span> 
     </span>
     <span class='ocr_line' id='line_1_20' title="bbox 463 2767 1852 2871; baseline -0.001 -23"><span class='ocrx_word' id='word_1_132' title='bbox 463 2812 467 2818; x_wconf 62' lang='grc'><strong>«</strong></span> <span class='ocrx_word' id='word_1_133' title='bbox 544 2770 683 2848; x_wconf 90' lang='lat' dir='ltr'>intuitu</span> <span class='ocrx_word' id='word_1_134' title='bbox 697 2773 757 2848; x_wconf 91' lang='lat' dir='ltr'>vel</span> <span class='ocrx_word' id='word_1_135' title='bbox 772 2793 839 2871; x_wconf 90' lang='lat' dir='ltr'>pro</span> <span class='ocrx_word' id='word_1_136' title='bbox 854 2767 1018 2844; x_wconf 90' lang='lat' dir='ltr'>remedio</span> <span class='ocrx_word' id='word_1_137' title='bbox 1033 2767 1169 2846; x_wconf 88' lang='lat' dir='ltr'>animae</span> <span class='ocrx_word' id='word_1_138' title='bbox 1183 2791 1305 2858; x_wconf 85' lang='lat' dir='ltr'>meae,</span> <span class='ocrx_word' id='word_1_139' title='bbox 1331 2768 1393 2846; x_wconf 92' lang='lat' dir='ltr'>seu</span> <span class='ocrx_word' id='word_1_140' title='bbox 1407 2768 1447 2846; x_wconf 73' lang='grc' dir='ltr'>δι</span> <span class='ocrx_word' id='word_1_141' title='bbox 1471 2791 1541 2869; x_wconf 88' lang='lat' dir='ltr'>pro.</span> <span class='ocrx_word' id='word_1_142' title='bbox 1553 2783 1695 2847; x_wconf 87' lang='lat' dir='ltr'>aeterna</span> <span class='ocrx_word' id='word_1_143' title='bbox 1709 2795 1767 2847; x_wconf 88' lang='lat' dir='ltr'>re·</span> <span class='ocrx_word' id='word_1_144' title='bbox 1849 2785 1852 2788; x_wconf 82' lang='grc'><strong>’</strong></span> 
     </span>
     <span class='ocr_line' id='line_1_21' title="bbox 490 2869 1870 2970; baseline 0 -20"><span class='ocrx_word' id='word_1_145' title='bbox 490 2871 711 2964; x_wconf 67' lang='lat' dir='ltr'>imbutione,</span> <span class='ocrx_word' id='word_1_146' title='bbox 737 2887 781 2950; x_wconf 88' lang='lat' dir='ltr'>ut</span> <span class='ocrx_word' id='word_1_147' title='bbox 795 2871 944 2952; x_wconf 87' lang='lat' dir='ltr'>veniam</span> <span class='ocrx_word' id='word_1_148' title='bbox 958 2870 998 2948; x_wconf 89' lang='lat' dir='ltr'>in</span> <span class='ocrx_word' id='word_1_149' title='bbox 1012 2869 1140 2946; x_wconf 85' lang='lat' dir='ltr'>futuro</span> <span class='ocrx_word' id='word_1_150' title='bbox 1158 2870 1306 2970; x_wconf 82' lang='lat' dir='ltr'>adipisci</span> <span class='ocrx_word' id='word_1_151' title='bbox 1320 2893 1484 2959; x_wconf 75' lang='lat' dir='ltr'>metuar,</span> <span class='ocrx_word' id='word_1_152' title='bbox 1499 2871 1674 2970; x_wconf 85' lang='lat' dir='ltr'>perhanc</span> <span class='ocrx_word' id='word_1_153' title='bbox 1689 2895 1767 2950; x_wconf 84' lang='lat' dir='ltr'>car·</span> <span class='ocrx_word' id='word_1_154' title='bbox 1869 2961 1870 2967; x_wconf 11' lang='grc' dir='ltr'><strong><em>Ν</em></strong></span> 
     </span>
     <span class='ocr_line' id='line_1_22' title="bbox 490 2970 1766 3071; baseline -0.001 -22"><span class='ocrx_word' id='word_1_155' title='bbox 490 2975 613 3050; x_wconf 82' lang='lat' dir='ltr'>tusam</span> <span class='ocrx_word' id='word_1_156' title='bbox 627 2976 835 3056; x_wconf 88' lang='lat' dir='ltr'>donationis</span> <span class='ocrx_word' id='word_1_157' title='bbox 850 2973 924 3050; x_wconf 80' lang='lat' dir='ltr'>sive</span> <span class='ocrx_word' id='word_1_158' title='bbox 949 2970 1211 3050; x_wconf 86' lang='lat' dir='ltr'>testamentum</span> <span class='ocrx_word' id='word_1_159' title='bbox 1224 2973 1321 3048; x_wconf 91' lang='lat' dir='ltr'>dono</span> <span class='ocrx_word' id='word_1_160' title='bbox 1335 2996 1358 3048; x_wconf 89' lang='lat' dir='ltr'><strong>a</strong></span> <span class='ocrx_word' id='word_1_161' title='bbox 1372 2971 1542 3071; x_wconf 82' lang='lat' dir='ltr'>praesenti</span> <span class='ocrx_word' id='word_1_162' title='bbox 1556 2973 1616 3049; x_wconf 89' lang='lat' dir='ltr'>die</span> <span class='ocrx_word' id='word_1_163' title='bbox 1630 2973 1678 3049; x_wconf 88' lang='lat' dir='ltr'>ad</span> <span class='ocrx_word' id='word_1_164' title='bbox 1686 2995 1766 3050; x_wconf 88' lang='lat' dir='ltr'>mo·</span> 
     </span>
    </p>
   </div>
   <div class='ocr_carea' id='block_1_9' title="bbox 365 3073 1764 3172">
    <p class='ocr_par' dir='ltr' id='par_1_9' title="bbox 365 3073 1764 3172">
     <span class='ocr_line' id='line_1_23' title="bbox 365 3073 1764 3172; baseline 0.001 -21"><span class='ocrx_word' id='word_1_165' title='bbox 365 3105 373 3112; x_wconf 95' lang='lat'><em>·</em></span> <span class='ocrx_word' id='word_1_166' title='bbox 490 3074 691 3151; x_wconf 80' lang='lat' dir='ltr'>msterium</span> <span class='ocrx_word' id='word_1_167' title='bbox 716 3077 823 3154; x_wconf 77' lang='lat' dir='ltr'>[ansis</span> <span class='ocrx_word' id='word_1_168' title='bbox 847 3073 945 3152; x_wconf 85' lang='lat' dir='ltr'>Petri</span> <span class='ocrx_word' id='word_1_169' title='bbox 979 3073 1286 3170; x_wconf 84' lang='lat' dir='ltr'>cognominatum</span> <span class='ocrx_word' id='word_1_170' title='bbox 1310 3073 1562 3163; x_wconf 85' lang='lat' dir='ltr'>Lauresham,</span> <span class='ocrx_word' id='word_1_171' title='bbox 1587 3075 1686 3172; x_wconf 89' lang='lat' dir='ltr'>quod</span> <span class='ocrx_word' id='word_1_172' title='bbox 1711 3073 1764 3152; x_wconf 88' lang='lat' dir='ltr'>est</span> 
     </span>
    </p>
   </div>
   <div class='ocr_carea' id='block_1_10' title="bbox 489 3173 1762 3690">
    <p class='ocr_par' dir='ltr' id='par_1_10' title="bbox 489 3173 1762 3690">
     <span class='ocr_line' id='line_1_24' title="bbox 490 3173 1762 3277; baseline -0.002 -20"><span class='ocrx_word' id='word_1_173' title='bbox 490 3175 602 3257; x_wconf 71' lang='lat' dir='ltr'>situm</span> <span class='ocrx_word' id='word_1_174' title='bbox 626 3176 730 3277; x_wconf 87' lang='lat' dir='ltr'>super</span> <span class='ocrx_word' id='word_1_175' title='bbox 751 3178 906 3257; x_wconf 86' lang='lat' dir='ltr'>fluvium</span> <span class='ocrx_word' id='word_1_176' title='bbox 930 3173 1109 3264; x_wconf 86' lang='lat' dir='ltr'>Wisscoz,</span> <span class='ocrx_word' id='word_1_177' title='bbox 1135 3176 1175 3251; x_wconf 93' lang='lat' dir='ltr'>in</span> <span class='ocrx_word' id='word_1_178' title='bbox 1198 3199 1295 3276; x_wconf 86' lang='lat' dir='ltr'>pago</span> <span class='ocrx_word' id='word_1_179' title='bbox 1320 3175 1484 3266; x_wconf 82' lang='lat' dir='ltr'>Rinensr,</span> <span class='ocrx_word' id='word_1_180' title='bbox 1510 3176 1574 3254; x_wconf 89' lang='lat' dir='ltr'>ubi</span> <span class='ocrx_word' id='word_1_181' title='bbox 1588 3173 1762 3253; x_wconf 89' lang='lat' dir='ltr'>dominus</span> 
     </span>
     <span class='ocr_line' id='line_1_25' title="bbox 491 3277 1761 3379; baseline 0 -21"><span class='ocrx_word' id='word_1_182' title='bbox 491 3277 718 3377; x_wconf 83' lang='lat' dir='ltr'>Rutgangus</span> <span class='ocrx_word' id='word_1_183' title='bbox 743 3277 1035 3379; x_wconf 86' lang='lat' dir='ltr'>archiepiscopus</span> <span class='ocrx_word' id='word_1_184' title='bbox 1056 3277 1202 3378; x_wconf 81' lang='lat' dir='ltr'>praeeffe</span> <span class='ocrx_word' id='word_1_185' title='bbox 1223 3280 1394 3372; x_wconf 87' lang='lat' dir='ltr'>videtur,</span> <span class='ocrx_word' id='word_1_186' title='bbox 1420 3281 1479 3358; x_wconf 86' lang='lat' dir='ltr'>vel</span> <span class='ocrx_word' id='word_1_187' title='bbox 1501 3279 1607 3356; x_wconf 89' lang='lat' dir='ltr'>turba</span> <span class='ocrx_word' id='word_1_188' title='bbox 1638 3279 1761 3358; x_wconf 86' lang='lat' dir='ltr'><strong>multa</strong></span> 
     </span>
     <span class='ocr_line' id='line_1_26' title="bbox 491 3378 1759 3501; baseline 0.002 -45"><span class='ocrx_word' id='word_1_189' title='bbox 491 3381 760 3501; x_wconf 77' lang='lat' dir='ltr'>monachorum</span> <span class='ocrx_word' id='word_1_190' title='bbox 774 3383 912 3458; x_wconf 85' lang='lat' dir='ltr'>ibidem</span> <span class='ocrx_word' id='word_1_191' title='bbox 937 3383 1018 3457; x_wconf 90' lang='lat' dir='ltr'>Deo</span> <span class='ocrx_word' id='word_1_192' title='bbox 1039 3378 1219 3500; x_wconf 79' lang='lat' dir='ltr'>deservire</span> <span class='ocrx_word' id='word_1_193' title='bbox 1240 3381 1480 3487; x_wconf 89' lang='lat' dir='ltr'>conspicitur,</span> <span class='ocrx_word' id='word_1_194' title='bbox 1505 3383 1759 3476; x_wconf 87' lang='lat' dir='ltr'>donatumque</span> 
     </span>
     <span class='ocr_line' id='line_1_27' title="bbox 489 3481 1761 3690; baseline -0.002 -28"><span class='ocrx_word' id='word_1_195' title='bbox 489 3481 1036 3687; x_wconf 63' lang='lat' dir='ltr'>sbbsfstbsssstbas</span> <span class='ocrx_word' id='word_1_196' title='bbox 1046 3481 1761 3690; x_wconf 65' lang='lat' dir='ltr'>sstsdsssqssibbbsbsss</span> 
     </span>
    </p>
   </div>
   <div class='ocr_carea' id='block_1_11' title="bbox 318 3685 1798 3787">
    <p class='ocr_par' dir='ltr' id='par_1_11' title="bbox 318 3685 1798 3787">
     <span class='ocr_line' id='line_1_28' title="bbox 318 3685 1798 3787; baseline -0.001 -23"><span class='ocrx_word' id='word_1_197' title='bbox 318 3687 330 3712; x_wconf 80' lang='lat'>’</span> <span class='ocrx_word' id='word_1_198' title='bbox 490 3685 625 3784; x_wconf 74' lang='lat' dir='ltr'>ineius</span> <span class='ocrx_word' id='word_1_199' title='bbox 639 3689 825 3764; x_wconf 86' lang='lat' dir='ltr'>fineadie</span> <span class='ocrx_word' id='word_1_200' title='bbox 849 3686 1176 3787; x_wconf 79' lang='lat' dir='ltr'>praesente-habere</span> <span class='ocrx_word' id='word_1_201' title='bbox 1203 3687 1298 3771; x_wconf 86' lang='lat' dir='ltr'>visus</span> <span class='ocrx_word' id='word_1_202' title='bbox 1316 3689 1424 3777; x_wconf 90' lang='lat' dir='ltr'>sum,</span> <span class='ocrx_word' id='word_1_203' title='bbox 1449 3689 1495 3764; x_wconf 93' lang='lat' dir='ltr'>de</span> <span class='ocrx_word' id='word_1_204' title='bbox 1510 3685 1760 3785; x_wconf 87' lang='lat' dir='ltr'>qualicunque</span> <span class='ocrx_word' id='word_1_205' title='bbox 1790 3766 1798 3782; x_wconf 66' lang='grc'><strong><em>,</em></strong></span> 
     </span>
    </p>
   </div>
   <div class='ocr_carea' id='block_1_12' title="bbox 488 3787 1757 3987">
    <p class='ocr_par' dir='ltr' id='par_1_12' title="bbox 488 3787 1757 3987">
     <span class='ocr_line' id='line_1_29' title="bbox 490 3787 1757 3882; baseline -0.001 -16"><span class='ocrx_word' id='word_1_206' title='bbox 490 3792 645 3866; x_wconf 77' lang='lat' dir='ltr'>amasio</span> <span class='ocrx_word' id='word_1_207' title='bbox 666 3791 716 3866; x_wconf 89' lang='lat' dir='ltr'>ad</span> <span class='ocrx_word' id='word_1_208' title='bbox 739 3813 799 3865; x_wconf 90' lang='lat' dir='ltr'>me</span> <span class='ocrx_word' id='word_1_209' title='bbox 822 3789 959 3864; x_wconf 86' lang='lat' dir='ltr'>ibidem</span> <span class='ocrx_word' id='word_1_210' title='bbox 981 3787 1124 3882; x_wconf 84' lang='lat' dir='ltr'>legibus</span> <span class='ocrx_word' id='word_1_211' title='bbox 1150 3789 1327 3879; x_wconf 88' lang='lat' dir='ltr'>obvenit,</span> <span class='ocrx_word' id='word_1_212' title='bbox 1354 3803 1436 3868; x_wconf 88' lang='lat' dir='ltr'>tam</span> <span class='ocrx_word' id='word_1_213' title='bbox 1452 3789 1606 3878; x_wconf 85' lang='lat' dir='ltr'>manfis,</span> <span class='ocrx_word' id='word_1_214' title='bbox 1633 3789 1757 3880; x_wconf 87' lang='lat' dir='ltr'>terris,</span> 
     </span>
     <span class='ocr_line' id='line_1_30' title="bbox 488 3889 1757 3987; baseline 0 -21"><span class='ocrx_word' id='word_1_215' title='bbox 488 3892 680 3980; x_wconf 88' lang='lat' dir='ltr'>domibus,</span> <span class='ocrx_word' id='word_1_216' title='bbox 706 3891 890 3979; x_wconf 80' lang='lat' dir='ltr'>aedificiis,</span> <span class='ocrx_word' id='word_1_217' title='bbox 916 3889 1077 3987; x_wconf 85' lang='lat' dir='ltr'>campis,</span> <span class='ocrx_word' id='word_1_218' title='bbox 1104 3891 1238 3986; x_wconf 88' lang='lat' dir='ltr'>pratis,</span> <span class='ocrx_word' id='word_1_219' title='bbox 1265 3892 1395 3981; x_wconf 88' lang='lat' dir='ltr'>vineis,</span> <span class='ocrx_word' id='word_1_220' title='bbox 1411 3891 1576 3969; x_wconf 87' lang='lat' dir='ltr'>cultis&amp;</span> <span class='ocrx_word' id='word_1_221' title='bbox 1592 3889 1757 3979; x_wconf 62' lang='lat' dir='ltr'>incultu,</span> 
     </span>
    </p>
   </div>
   <div class='ocr_carea' id='block_1_13' title="bbox 354 3989 1758 4096">
    <p class='ocr_par' dir='ltr' id='par_1_13' title="bbox 354 3989 1758 4096">
     <span class='ocr_line' id='line_1_31' title="bbox 354 3989 1758 4096; baseline -0.005 -21"><span class='ocrx_word' id='word_1_222' title='bbox 354 4009 380 4082; x_wconf 59' lang='grc' dir='ltr'>χ</span> <span class='ocrx_word' id='word_1_223' title='bbox 487 3991 608 4088; x_wconf 69' lang='lat' dir='ltr'>idun,</span> <span class='ocrx_word' id='word_1_224' title='bbox 632 3992 834 4089; x_wconf 70' lang='lat' dir='ltr'>fuimus,</span> <span class='ocrx_word' id='word_1_225' title='bbox 860 3991 984 4096; x_wconf 68' lang='lat' dir='ltr'>aquus,</span> <span class='ocrx_word' id='word_1_226' title='bbox 1009 4009 1241 4095; x_wconf 78' lang='lat' dir='ltr'>aquarumve</span> <span class='ocrx_word' id='word_1_227' title='bbox 1256 3995 1484 4088; x_wconf 83' lang='lat' dir='ltr'>decursibus,</span> <span class='ocrx_word' id='word_1_228' title='bbox 1509 3991 1636 4074; x_wconf 86' lang='lat' dir='ltr'>omnia</span> <span class='ocrx_word' id='word_1_229' title='bbox 1649 3989 1686 4066; x_wconf 92' lang='lat'>&amp;</span> <span class='ocrx_word' id='word_1_230' title='bbox 1706 4013 1758 4068; x_wconf 82' lang='lat' dir='ltr'>ex</span> 
     </span>
    </p>
   </div>
   <div class='ocr_carea' id='block_1_14' title="bbox 1620 4111 1807 4172">
    <p class='ocr_par' dir='ltr' id='par_1_14' title="bbox 1620 4111 1807 4172">
     <span class='ocr_line' id='line_1_32' title="bbox 1620 4111 1807 4172; baseline 0.021 -4"><span class='ocrx_word' id='word_1_231' title='bbox 1620 4111 1703 4172; x_wconf 83' lang='lat' dir='ltr'>am·</span> <span class='ocrx_word' id='word_1_232' title='bbox 1804 4133 1807 4138; x_wconf 90' lang='lat'>·</span> 
     </span>
    </p>
   </div>
   <div class='ocr_carea' id='block_1_15' title="bbox 0 0 2004 5417">
    <p class='ocr_par' dir='ltr' id='par_1_15' title="bbox 0 0 2004 5417">
     <span class='ocr_line' id='line_1_33' title="bbox 0 0 2004 5417; baseline 0 1"><span class='ocrx_word' id='word_1_233' title='bbox 0 0 2004 5417; x_wconf 95' lang='lat' dir='ltr'> </span> 
     </span>
    </p>
   </div>
  </div>
 </body>
</html>
