<?xml version="1.0" encoding="UTF-8"?>
<!DOCTYPE html PUBLIC "-//W3C//DTD XHTML 1.0 Transitional//EN"
    "http://www.w3.org/TR/xhtml1/DTD/xhtml1-transitional.dtd">
<html xmlns="http://www.w3.org/1999/xhtml" xml:lang="en" lang="en">
 <head>
  <title>
</title>
<meta http-equiv="Content-Type" content="text/html;charset=utf-8" />
  <meta name='ocr-system' content='tesseract 3.04.00' />
  <meta name='ocr-capabilities' content='ocr_page ocr_carea ocr_par ocr_line ocrx_word'/>
</head>
<body>
  <div class='ocr_page' id='page_1' title='image "./codexprincipiso00egyegoog_0265.png"; bbox 0 0 4000 5417; ppageno 0'>
   <div class='ocr_carea' id='block_1_1' title="bbox 504 403 1520 566">
    <p class='ocr_par' dir='ltr' id='par_1_1' title="bbox 504 403 1520 566">
     <span class='ocr_line' id='line_1_1' title="bbox 504 403 1520 566; baseline 0.014 -35"><span class='ocrx_word' id='word_1_1' title='bbox 504 450 609 533; x_wconf 82' lang='lat' dir='ltr'>Suc.</span> <span class='ocrx_word' id='word_1_2' title='bbox 636 453 708 530; x_wconf 90' lang='lat' dir='ltr'>XII</span> <span class='ocrx_word' id='word_1_3' title='bbox 734 454 998 534; x_wconf 76' lang='lat' dir='ltr'>Harunrco</span> <span class='ocrx_word' id='word_1_4' title='bbox 1024 457 1060 538; x_wconf 92' lang='lat' dir='ltr'>V</span> <span class='ocrx_word' id='word_1_5' title='bbox 1087 403 1227 536; x_wconf 77' lang='lat' dir='ltr'>naun.</span> <span class='ocrx_word' id='word_1_6' title='bbox 1425 487 1520 566; x_wconf 73' lang='lat'>227·</span> 
     </span>
    </p>
   </div>
   <div class='ocr_carea' id='block_1_2' title="bbox 164 757 1476 2890">
    <p class='ocr_par' dir='ltr' id='par_1_2' title="bbox 164 757 1476 2890">
     <span class='ocr_line' id='line_1_2' title="bbox 331 757 1476 864; baseline 0 -22"><span class='ocrx_word' id='word_1_7' title='bbox 331 763 399 842; x_wconf 90' lang='lat' dir='ltr'>Hii</span> <span class='ocrx_word' id='word_1_8' title='bbox 422 783 488 864; x_wconf 84' lang='lat' dir='ltr'>per</span> <span class='ocrx_word' id='word_1_9' title='bbox 513 757 681 836; x_wconf 82' lang='lat' dir='ltr'>tonsuras</span> <span class='ocrx_word' id='word_1_10' title='bbox 707 762 881 854; x_wconf 83' lang='lat' dir='ltr'><strong>grandes,</strong></span> <span class='ocrx_word' id='word_1_11' title='bbox 906 763 1137 860; x_wconf 83' lang='lat' dir='ltr'>grandesque</span> <span class='ocrx_word' id='word_1_12' title='bbox 1149 765 1328 853; x_wconf 85' lang='lat' dir='ltr'>cucullas,</span> <span class='ocrx_word' id='word_1_13' title='bbox 1469 807 1476 820; x_wconf 95' lang='lat'><strong>·</strong></span> 
     </span>
     <span class='ocr_line' id='line_1_3' title="bbox 330 861 1173 963; baseline -0.002 -20"><span class='ocrx_word' id='word_1_14' title='bbox 330 865 485 943; x_wconf 85' lang='lat' dir='ltr'>Audent</span> <span class='ocrx_word' id='word_1_15' title='bbox 510 863 659 938; x_wconf 89' lang='lat' dir='ltr'>mentiri</span> <span class='ocrx_word' id='word_1_16' title='bbox 682 861 824 940; x_wconf 90' lang='lat' dir='ltr'>Christo</span> <span class='ocrx_word' id='word_1_17' title='bbox 850 864 960 963; x_wconf 87' lang='lat' dir='ltr'>plane</span> <span class='ocrx_word' id='word_1_18' title='bbox 985 864 1173 954; x_wconf 81' lang='lat' dir='ltr'>Pharisaei,</span> 
     </span>
     <span class='ocr_line' id='line_1_4' title="bbox 331 963 1402 1068; baseline -0.001 -25"><span class='ocrx_word' id='word_1_19' title='bbox 331 966 434 1044; x_wconf 83' lang='lat' dir='ltr'>Alba</span> <span class='ocrx_word' id='word_1_20' title='bbox 460 965 651 1063; x_wconf 82' lang='lat' dir='ltr'>sepulchra</span> <span class='ocrx_word' id='word_1_21' title='bbox 675 963 789 1054; x_wconf 85' lang='lat' dir='ltr'>foris,</span> <span class='ocrx_word' id='word_1_22' title='bbox 817 965 879 1040; x_wconf 90' lang='lat' dir='ltr'>sed</span> <span class='ocrx_word' id='word_1_23' title='bbox 904 967 951 1043; x_wconf 87' lang='lat' dir='ltr'>ab</span> <span class='ocrx_word' id='word_1_24' title='bbox 976 968 1078 1044; x_wconf 89' lang='lat' dir='ltr'>intus</span> <span class='ocrx_word' id='word_1_25' title='bbox 1104 970 1213 1068; x_wconf 85' lang='lat' dir='ltr'>plena</span> <span class='ocrx_word' id='word_1_26' title='bbox 1236 968 1402 1066; x_wconf 82' lang='lat' dir='ltr'>pudoris.</span> 
     </span>
     <span class='ocr_line' id='line_1_5' title="bbox 333 1067 1364 1171; baseline -0.003 -25"><span class='ocrx_word' id='word_1_27' title='bbox 333 1069 434 1146; x_wconf 85' lang='lat' dir='ltr'>Nam</span> <span class='ocrx_word' id='word_1_28' title='bbox 460 1089 579 1165; x_wconf 85' lang='lat' dir='ltr'>quum</span> <span class='ocrx_word' id='word_1_29' title='bbox 605 1067 727 1142; x_wconf 87' lang='lat' dir='ltr'>laudis</span> <span class='ocrx_word' id='word_1_30' title='bbox 754 1067 838 1144; x_wconf 87' lang='lat' dir='ltr'>sunt</span> <span class='ocrx_word' id='word_1_31' title='bbox 862 1072 1051 1171; x_wconf 87' lang='lat' dir='ltr'>percupidi</span> <span class='ocrx_word' id='word_1_32' title='bbox 1075 1071 1277 1171; x_wconf 85' lang='lat' dir='ltr'>popularis,</span> <span class='ocrx_word' id='word_1_33' title='bbox 1358 1097 1364 1102; x_wconf 88' lang='lat'><em>·</em></span> 
     </span>
     <span class='ocr_line' id='line_1_6' title="bbox 330 1167 1328 1270; baseline 0.003 -24"><span class='ocrx_word' id='word_1_34' title='bbox 330 1168 501 1246; x_wconf 88' lang='lat' dir='ltr'>Dilatant</span> <span class='ocrx_word' id='word_1_35' title='bbox 524 1168 669 1246; x_wconf 87' lang='lat' dir='ltr'>tunicas</span> <span class='ocrx_word' id='word_1_36' title='bbox 693 1167 784 1257; x_wconf 82' lang='lat' dir='ltr'>irbi,</span> <span class='ocrx_word' id='word_1_37' title='bbox 809 1173 1122 1270; x_wconf 85' lang='lat' dir='ltr'>magnificantque</span> <span class='ocrx_word' id='word_1_38' title='bbox 1147 1171 1328 1262; x_wconf 85' lang='lat' dir='ltr'>cucullas,</span> 
     </span>
     <span class='ocr_line' id='line_1_7' title="bbox 330 1269 1333 1376; baseline 0.005 -30"><span class='ocrx_word' id='word_1_39' title='bbox 330 1269 487 1358; x_wconf 86' lang='lat' dir='ltr'>Tristes,</span> <span class='ocrx_word' id='word_1_40' title='bbox 513 1270 687 1370; x_wconf 83' lang='lat' dir='ltr'>pannoli,</span> <span class='ocrx_word' id='word_1_41' title='bbox 714 1271 855 1376; x_wconf 82' lang='lat' dir='ltr'>pallore</span> <span class='ocrx_word' id='word_1_42' title='bbox 880 1271 1117 1375; x_wconf 83' lang='lat' dir='ltr'>superstitioli,</span> <span class='ocrx_word' id='word_1_43' title='bbox 1323 1283 1333 1308; x_wconf 77' lang='lat'><strong><em>¹</em></strong></span> 
     </span>
     <span class='ocr_line' id='line_1_8' title="bbox 331 1371 1325 1476; baseline 0.009 -29"><span class='ocrx_word' id='word_1_44' title='bbox 331 1371 648 1458; x_wconf 78' lang='lat' dir='ltr'>Denrilia„fronte.</span> <span class='ocrx_word' id='word_1_45' title='bbox 676 1373 774 1462; x_wconf 90' lang='lat' dir='ltr'>Quid</span> <span class='ocrx_word' id='word_1_46' title='bbox 798 1375 945 1450; x_wconf 71' lang='lat' dir='ltr'>multa?</span> <span class='ocrx_word' id='word_1_47' title='bbox 976 1376 1064 1454; x_wconf 85' lang='lat' dir='ltr'>novi</span> <span class='ocrx_word' id='word_1_48' title='bbox 1090 1375 1325 1476; x_wconf 79' lang='lat' dir='ltr'>neophantae,</span> 
     </span>
     <span class='ocr_line' id='line_1_9' title="bbox 199 1475 1207 1578; baseline 0.001 -28"><span class='ocrx_word' id='word_1_49' title='bbox 199 1547 206 1562; x_wconf 76' lang='grc'><strong>,</strong></span> <span class='ocrx_word' id='word_1_50' title='bbox 330 1475 402 1550; x_wconf 92' lang='lat' dir='ltr'>Per</span> <span class='ocrx_word' id='word_1_51' title='bbox 428 1487 541 1574; x_wconf 88' lang='lat' dir='ltr'>caput</span> <span class='ocrx_word' id='word_1_52' title='bbox 566 1475 706 1564; x_wconf 78' lang='lat' dir='ltr'>abrah,</span> <span class='ocrx_word' id='word_1_53' title='bbox 732 1485 941 1578; x_wconf 76' lang='lat' dir='ltr'>terratenus</span> <span class='ocrx_word' id='word_1_54' title='bbox 965 1476 1011 1556; x_wconf 41' lang='lat'>&amp;⁴</span> <span class='ocrx_word' id='word_1_55' title='bbox 1019 1478 1207 1567; x_wconf 88' lang='lat' dir='ltr'>manicati,</span> 
     </span>
     <span class='ocr_line' id='line_1_10' title="bbox 164 1574 1471 1676; baseline 0.005 -27"><span class='ocrx_word' id='word_1_56' title='bbox 164 1616 168 1624; x_wconf 92' lang='lat'><strong>·</strong></span> <span class='ocrx_word' id='word_1_57' title='bbox 328 1574 538 1676; x_wconf 87' lang='lat' dir='ltr'><strong>Tamquam</strong></span> <span class='ocrx_word' id='word_1_58' title='bbox 562 1601 637 1652; x_wconf 93' lang='lat' dir='ltr'>non</span> <span class='ocrx_word' id='word_1_59' title='bbox 663 1578 784 1652; x_wconf 87' lang='lat' dir='ltr'>virtus</span> <span class='ocrx_word' id='word_1_60' title='bbox 809 1579 1036 1654; x_wconf 89' lang='lat' dir='ltr'>monachum</span> <span class='ocrx_word' id='word_1_61' title='bbox 1061 1579 1192 1667; x_wconf 86' lang='lat' dir='ltr'>faciat,</span> <span class='ocrx_word' id='word_1_62' title='bbox 1219 1578 1279 1654; x_wconf 84' lang='lat' dir='ltr'>led</span> <span class='ocrx_word' id='word_1_63' title='bbox 1302 1578 1471 1659; x_wconf 70' lang='lat' dir='ltr'>amieos</span> 
     </span>
     <span class='ocr_line' id='line_1_11' title="bbox 329 1674 1284 1777; baseline 0.002 -25"><span class='ocrx_word' id='word_1_64' title='bbox 329 1674 413 1753; x_wconf 80' lang='lat' dir='ltr'>Aut</span> <span class='ocrx_word' id='word_1_65' title='bbox 439 1679 540 1777; x_wconf 84' lang='lat' dir='ltr'>qualr</span> <span class='ocrx_word' id='word_1_66' title='bbox 566 1681 720 1774; x_wconf 88' lang='lat' dir='ltr'>religio,</span> <span class='ocrx_word' id='word_1_67' title='bbox 746 1679 938 1776; x_wconf 85' lang='lat' dir='ltr'>pietasque</span> <span class='ocrx_word' id='word_1_68' title='bbox 964 1695 1113 1755; x_wconf 86' lang='lat' dir='ltr'>notetur</span> <span class='ocrx_word' id='word_1_69' title='bbox 1137 1680 1284 1768; x_wconf 81' lang='lat' dir='ltr'>millo,</span> 
     </span>
     <span class='ocr_line' id='line_1_12' title="bbox 330 1777 1350 1868; baseline 0.004 -16"><span class='ocrx_word' id='word_1_70' title='bbox 330 1777 430 1853; x_wconf 91' lang='lat' dir='ltr'>Cum</span> <span class='ocrx_word' id='word_1_71' title='bbox 454 1805 533 1855; x_wconf 90' lang='lat' dir='ltr'>non</span> <span class='ocrx_word' id='word_1_72' title='bbox 557 1780 729 1856; x_wconf 87' lang='lat' dir='ltr'>induvias</span> <span class='ocrx_word' id='word_1_73' title='bbox 743 1778 906 1856; x_wconf 89' lang='lat' dir='ltr'>hominis</span> <span class='ocrx_word' id='word_1_74' title='bbox 932 1781 1087 1855; x_wconf 88' lang='lat' dir='ltr'>damnet</span> <span class='ocrx_word' id='word_1_75' title='bbox 1112 1781 1214 1854; x_wconf 90' lang='lat' dir='ltr'>Deus</span> <span class='ocrx_word' id='word_1_76' title='bbox 1225 1781 1350 1868; x_wconf 80' lang='lat' dir='ltr'>ullas,</span> 
     </span>
     <span class='ocr_line' id='line_1_13' title="bbox 329 1877 1442 1978; baseline 0.002 -22.762"><span class='ocrx_word' id='word_1_77' title='bbox 329 1877 438 1955; x_wconf 90' lang='lat' dir='ltr'>Veste</span> <span class='ocrx_word' id='word_1_78' title='bbox 462 1881 526 1957; x_wconf 87' lang='lat' dir='ltr'>sub</span> <span class='ocrx_word' id='word_1_79' title='bbox 552 1882 707 1978; x_wconf 83' lang='lat' dir='ltr'>agnina,</span> <span class='ocrx_word' id='word_1_80' title='bbox 733 1879 887 1957; x_wconf 88' lang='lat' dir='ltr'>fimens</span> <span class='ocrx_word' id='word_1_81' title='bbox 911 1882 1030 1958; x_wconf 86' lang='lat' dir='ltr'>etiam</span> <span class='ocrx_word' id='word_1_82' title='bbox 1052 1879 1097 1956; x_wconf 85' lang='lat' dir='ltr'>srt</span> <span class='ocrx_word' id='word_1_83' title='bbox 1120 1879 1250 1967; x_wconf 83' lang='lat' dir='ltr'>ovina,</span> <span class='ocrx_word' id='word_1_84' title='bbox 1439 1930 1442 1937; x_wconf 70' lang='lat'><strong>‹</strong></span> 
     </span>
     <span class='ocr_line' id='line_1_14' title="bbox 327 1977 1397 2100; baseline 0.003 -45"><span class='ocrx_word' id='word_1_85' title='bbox 327 1977 429 2056; x_wconf 87' lang='lat' dir='ltr'>Nam</span> <span class='ocrx_word' id='word_1_86' title='bbox 453 1981 569 2098; x_wconf 80' lang='lat' dir='ltr'>nichil</span> <span class='ocrx_word' id='word_1_87' title='bbox 594 1984 730 2080; x_wconf 86' lang='lat' dir='ltr'>agnina</span> <span class='ocrx_word' id='word_1_88' title='bbox 755 1983 898 2100; x_wconf 68' lang='lat' dir='ltr'>prodest</span> <span class='ocrx_word' id='word_1_89' title='bbox 922 1995 1038 2098; x_wconf 74' lang='lat' dir='ltr'>toga,</span> <span class='ocrx_word' id='word_1_90' title='bbox 1063 1992 1189 2098; x_wconf 77' lang='lat' dir='ltr'>mente</span> <span class='ocrx_word' id='word_1_91' title='bbox 1212 1979 1353 2080; x_wconf 69' lang='lat' dir='ltr'>lupina.</span> <span class='ocrx_word' id='word_1_92' title='bbox 1393 2054 1397 2066; x_wconf 86' lang='grc'>,</span> 
     </span>
     <span class='ocr_line' id='line_1_15' title="bbox 326 2078 1382 2300; baseline 0.002 -44"><span class='ocrx_word' id='word_1_93' title='bbox 326 2078 696 2275; x_wconf 45' lang='lat' dir='ltr'>diffinibilis?</span> <span class='ocrx_word' id='word_1_94' title='bbox 710 2083 1300 2300; x_wconf 42' lang='lat' dir='ltr'>&#39;adiieiii‘iiiiiiqiihaa</span> <span class='ocrx_word' id='word_1_95' title='bbox 1379 2152 1382 2160; x_wconf 86' lang='grc'>’</span> 
     </span>
     <span class='ocr_line' id='line_1_16' title="bbox 324 2281 1297 2382; baseline 0.001 -24"><span class='ocrx_word' id='word_1_96' title='bbox 324 2281 436 2358; x_wconf 90' lang='lat' dir='ltr'>Nunc</span> <span class='ocrx_word' id='word_1_97' title='bbox 462 2305 608 2381; x_wconf 88' lang='lat' dir='ltr'>quoque</span> <span class='ocrx_word' id='word_1_98' title='bbox 634 2285 774 2360; x_wconf 81' lang='lat' dir='ltr'>barbari</span> <span class='ocrx_word' id='word_1_99' title='bbox 798 2287 864 2382; x_wconf 89' lang='lat' dir='ltr'>qui</span> <span class='ocrx_word' id='word_1_100' title='bbox 878 2287 959 2374; x_wconf 87' lang='lat' dir='ltr'>smt,</span> <span class='ocrx_word' id='word_1_101' title='bbox 984 2285 1170 2362; x_wconf 86' lang='lat' dir='ltr'>adtentius</span> <span class='ocrx_word' id='word_1_102' title='bbox 1195 2285 1297 2362; x_wconf 79' lang='lat' dir='ltr'>audi.</span> 
     </span>
     <span class='ocr_line' id='line_1_17' title="bbox 194 2381 1097 2481; baseline 0.003 -22"><span class='ocrx_word' id='word_1_103' title='bbox 194 2429 198 2434; x_wconf 92' lang='lat'><em>·</em></span> <span class='ocrx_word' id='word_1_104' title='bbox 322 2381 422 2460; x_wconf 85' lang='lat' dir='ltr'>Sunt</span> <span class='ocrx_word' id='word_1_105' title='bbox 444 2407 533 2481; x_wconf 87' lang='lat' dir='ltr'>ergo</span> <span class='ocrx_word' id='word_1_106' title='bbox 560 2385 646 2460; x_wconf 89' lang='lat' dir='ltr'>laici</span> <span class='ocrx_word' id='word_1_107' title='bbox 671 2385 898 2463; x_wconf 85' lang='lat' dir='ltr'>Miliensrbus</span> <span class='ocrx_word' id='word_1_108' title='bbox 924 2385 1097 2474; x_wconf 75' lang='lat' dir='ltr'>associati,</span> 
     </span>
     <span class='ocr_line' id='line_1_18' title="bbox 323 2485 1293 2586; baseline 0.003 -26"><span class='ocrx_word' id='word_1_109' title='bbox 323 2485 425 2573; x_wconf 89' lang='lat' dir='ltr'>Quos</span> <span class='ocrx_word' id='word_1_110' title='bbox 450 2485 544 2562; x_wconf 87' lang='lat' dir='ltr'>risus</span> <span class='ocrx_word' id='word_1_111' title='bbox 567 2487 696 2586; x_wconf 89' lang='lat' dir='ltr'>populi</span> <span class='ocrx_word' id='word_1_112' title='bbox 721 2488 825 2562; x_wconf 90' lang='lat' dir='ltr'>dedit</span> <span class='ocrx_word' id='word_1_113' title='bbox 849 2489 922 2564; x_wconf 90' lang='lat' dir='ltr'>hoc</span> <span class='ocrx_word' id='word_1_114' title='bbox 948 2488 1155 2585; x_wconf 76' lang='lat' dir='ltr'>agnomine</span> <span class='ocrx_word' id='word_1_115' title='bbox 1172 2485 1293 2584; x_wconf 80' lang='lat' dir='ltr'>fungi,</span> 
     </span>
     <span class='ocr_line' id='line_1_19' title="bbox 322 2587 1252 2688; baseline 0.003 -26"><span class='ocrx_word' id='word_1_116' title='bbox 322 2587 420 2663; x_wconf 90' lang='lat' dir='ltr'>Sunt</span> <span class='ocrx_word' id='word_1_117' title='bbox 445 2588 534 2686; x_wconf 86' lang='lat' dir='ltr'>quia</span> <span class='ocrx_word' id='word_1_118' title='bbox 558 2587 715 2687; x_wconf 86' lang='lat' dir='ltr'>prolixis</span> <span class='ocrx_word' id='word_1_119' title='bbox 740 2587 865 2666; x_wconf 87' lang='lat' dir='ltr'>barbis</span> <span class='ocrx_word' id='word_1_120' title='bbox 891 2589 940 2666; x_wconf 89' lang='lat' dir='ltr'>ad</span> <span class='ocrx_word' id='word_1_121' title='bbox 965 2591 1108 2688; x_wconf 73' lang='lat' dir='ltr'>pettora</span> <span class='ocrx_word' id='word_1_122' title='bbox 1132 2588 1252 2688; x_wconf 79' lang='lat' dir='ltr'>pexis,</span> 
     </span>
     <span class='ocr_line' id='line_1_20' title="bbox 210 2687 1168 2789; baseline 0.001 -25"><span class='ocrx_word' id='word_1_123' title='bbox 210 2775 222 2789; x_wconf 61' lang='lat'><strong>„</strong></span> <span class='ocrx_word' id='word_1_124' title='bbox 322 2687 545 2777; x_wconf 83' lang='lat' dir='ltr'>Deformes,</span> <span class='ocrx_word' id='word_1_125' title='bbox 569 2689 688 2778; x_wconf 89' lang='lat' dir='ltr'>hirti,</span> <span class='ocrx_word' id='word_1_126' title='bbox 713 2713 844 2768; x_wconf 88' lang='lat' dir='ltr'>revera</span> <span class='ocrx_word' id='word_1_127' title='bbox 869 2691 1036 2768; x_wconf 89' lang='lat' dir='ltr'>moribus</span> <span class='ocrx_word' id='word_1_128' title='bbox 1059 2690 1168 2780; x_wconf 88' lang='lat' dir='ltr'>hirci,</span> 
     </span>
     <span class='ocr_line' id='line_1_21' title="bbox 321 2789 1272 2890; baseline 0.002 -24"><span class='ocrx_word' id='word_1_129' title='bbox 321 2789 459 2866; x_wconf 88' lang='lat' dir='ltr'>Barbis</span> <span class='ocrx_word' id='word_1_130' title='bbox 483 2790 674 2866; x_wconf 89' lang='lat' dir='ltr'>hircorum</span> <span class='ocrx_word' id='word_1_131' title='bbox 698 2790 866 2880; x_wconf 87' lang='lat' dir='ltr'>fimiles,</span> <span class='ocrx_word' id='word_1_132' title='bbox 890 2793 1008 2870; x_wconf 86' lang='lat' dir='ltr'>larvis</span> <span class='ocrx_word' id='word_1_133' title='bbox 1031 2793 1272 2890; x_wconf 86' lang='lat' dir='ltr'>tragicorum,</span> 
     </span>
    </p>
   </div>
   <div class='ocr_carea' id='block_1_3' title="bbox 323 2888 1271 3092">
    <p class='ocr_par' dir='ltr' id='par_1_3' title="bbox 323 2888 1271 3092">
     <span class='ocr_line' id='line_1_22' title="bbox 323 2888 1271 2982; baseline 0.015 -25"><span class='ocrx_word' id='word_1_134' title='bbox 323 2888 427 2972; x_wconf 89' lang='lat' dir='ltr'>Quos</span> <span class='ocrx_word' id='word_1_135' title='bbox 451 2890 541 2982; x_wconf 89' lang='lat' dir='ltr'>quia</span> <span class='ocrx_word' id='word_1_136' title='bbox 564 2891 732 2982; x_wconf 85' lang='lat' dir='ltr'>vulgaris</span> <span class='ocrx_word' id='word_1_137' title='bbox 757 2894 970 2970; x_wconf 86' lang='lat' dir='ltr'>circumfert</span> <span class='ocrx_word' id='word_1_138' title='bbox 995 2917 1087 2971; x_wconf 84' lang='lat' dir='ltr'>aura</span> <span class='ocrx_word' id='word_1_139' title='bbox 1111 2894 1271 2982; x_wconf 78' lang='lat' dir='ltr'>favoris.</span> 
     </span>
     <span class='ocr_line' id='line_1_23' title="bbox 326 2981 1145 3092; baseline 0.01 -30"><span class='ocrx_word' id='word_1_140' title='bbox 326 2981 485 3062; x_wconf 84' lang='lat' dir='ltr'>Austera</span> <span class='ocrx_word' id='word_1_141' title='bbox 508 2983 604 3058; x_wconf 85' lang='lat' dir='ltr'>facie</span> <span class='ocrx_word' id='word_1_142' title='bbox 629 2989 715 3060; x_wconf 83' lang='lat' dir='ltr'>sunt</span> <span class='ocrx_word' id='word_1_143' title='bbox 739 2989 778 3064; x_wconf 83' lang='lat' dir='ltr'>dr</span> <span class='ocrx_word' id='word_1_144' title='bbox 804 2991 896 3066; x_wconf 80' lang='lat' dir='ltr'>toust</span> <span class='ocrx_word' id='word_1_145' title='bbox 919 3008 1034 3092; x_wconf 89' lang='lat' dir='ltr'>caput</span> <span class='ocrx_word' id='word_1_146' title='bbox 1058 2995 1145 3083; x_wconf 81' lang='lat' dir='ltr'>alte,</span> 
     </span>
    </p>
   </div>
   <div class='ocr_carea' id='block_1_4' title="bbox 152 3085 1547 4196">
    <p class='ocr_par' dir='ltr' id='par_1_4' title="bbox 152 3085 1547 4196">
     <span class='ocr_line' id='line_1_24' title="bbox 326 3085 1169 3195; baseline 0.012 -31"><span class='ocrx_word' id='word_1_147' title='bbox 326 3085 483 3164; x_wconf 87' lang='lat' dir='ltr'>Cautius</span> <span class='ocrx_word' id='word_1_148' title='bbox 507 3085 637 3162; x_wconf 83' lang='lat' dir='ltr'>ancisrs</span> <span class='ocrx_word' id='word_1_149' title='bbox 661 3099 836 3186; x_wconf 86' lang='lat' dir='ltr'>certoque</span> <span class='ocrx_word' id='word_1_150' title='bbox 859 3103 985 3170; x_wconf 89' lang='lat' dir='ltr'>tenore</span> <span class='ocrx_word' id='word_1_151' title='bbox 1010 3095 1169 3195; x_wconf 87' lang='lat' dir='ltr'>capillis,</span> 
     </span>
     <span class='ocr_line' id='line_1_25' title="bbox 323 3185 1255 3288; baseline 0.011 -23"><span class='ocrx_word' id='word_1_152' title='bbox 323 3189 377 3266; x_wconf 87' lang='lat' dir='ltr'>Et</span> <span class='ocrx_word' id='word_1_153' title='bbox 403 3188 485 3265; x_wconf 85' lang='lat' dir='ltr'>sunt</span> <span class='ocrx_word' id='word_1_154' title='bbox 510 3185 683 3263; x_wconf 87' lang='lat' dir='ltr'>inmensrs</span> <span class='ocrx_word' id='word_1_155' title='bbox 706 3190 827 3268; x_wconf 84' lang='lat' dir='ltr'>induti</span> <span class='ocrx_word' id='word_1_156' title='bbox 851 3196 1116 3288; x_wconf 62' lang='lat' dir='ltr'>calciamentis</span> <span class='ocrx_word' id='word_1_157' title='bbox 1212 3206 1216 3215; x_wconf 88' lang='lat'><em>&#39;</em></span> <span class='ocrx_word' id='word_1_158' title='bbox 1251 3239 1255 3248; x_wconf 93' lang='lat'><strong>·</strong></span> 
     </span>
     <span class='ocr_line' id='line_1_26' title="bbox 251 3288 1480 3398; baseline 0.007 -31"><span class='ocrx_word' id='word_1_159' title='bbox 251 3381 255 3386; x_wconf 28' lang='lat'>¹</span> <span class='ocrx_word' id='word_1_160' title='bbox 297 3288 876 3390; x_wconf 78' lang='lat' dir='ltr'>·Arnpnibalis10ngis&#39;utentes</span> <span class='ocrx_word' id='word_1_161' title='bbox 901 3297 940 3376; x_wconf 78' lang='grc' dir='ltr'>δι</span> <span class='ocrx_word' id='word_1_162' title='bbox 966 3297 1146 3398; x_wconf 74' lang='lat' dir='ltr'>spatiosis,</span> <span class='ocrx_word' id='word_1_163' title='bbox 1476 3325 1480 3332; x_wconf 83' lang='grc'><em>’</em></span> 
     </span>
     <span class='ocr_line' id='line_1_27' title="bbox 152 3389 1547 3502; baseline 0.013 -37"><span class='ocrx_word' id='word_1_164' title='bbox 152 3423 156 3430; x_wconf 92' lang='grc'><strong><em>·</em></strong></span> <span class='ocrx_word' id='word_1_165' title='bbox 283 3397 285 3402; x_wconf 82' lang='grc'><em>’</em></span> <span class='ocrx_word' id='word_1_166' title='bbox 320 3393 425 3481; x_wconf 82' lang='lat' dir='ltr'>&#39;Quos</span> <span class='ocrx_word' id='word_1_167' title='bbox 450 3395 538 3492; x_wconf 92' lang='lat' dir='ltr'>quid</span> <span class='ocrx_word' id='word_1_168' title='bbox 563 3389 702 3468; x_wconf 79' lang='lat' dir='ltr'>hahere</span> <span class='ocrx_word' id='word_1_169' title='bbox 725 3407 884 3492; x_wconf 82' lang='lat' dir='ltr'>putant,</span> <span class='ocrx_word' id='word_1_170' title='bbox 910 3399 1080 3476; x_wconf 83' lang='lat' dir='ltr'>submilia</span> <span class='ocrx_word' id='word_1_171' title='bbox 1104 3398 1225 3476; x_wconf 86' lang='lat' dir='ltr'>fronte</span> <span class='ocrx_word' id='word_1_172' title='bbox 1248 3397 1421 3490; x_wconf 78' lang='lat' dir='ltr'>salutant.</span> <span class='ocrx_word' id='word_1_173' title='bbox 1540 3487 1547 3502; x_wconf 59' lang='grc'>,</span> 
     </span>
     <span class='ocr_line' id='line_1_28' title="bbox 291 3493 1425 3594; baseline 0.003 -22"><span class='ocrx_word' id='word_1_174' title='bbox 291 3521 293 3526; x_wconf 75' lang='grc'><strong>’</strong></span> <span class='ocrx_word' id='word_1_175' title='bbox 324 3496 481 3584; x_wconf 81' lang='lat' dir='ltr'>Gratia,</span> <span class='ocrx_word' id='word_1_176' title='bbox 506 3519 581 3594; x_wconf 87' lang='lat' dir='ltr'>pax</span> <span class='ocrx_word' id='word_1_177' title='bbox 606 3493 738 3583; x_wconf 92' lang='lat' dir='ltr'>vobis,</span> <span class='ocrx_word' id='word_1_178' title='bbox 764 3496 990 3588; x_wconf 85' lang='lat' dir='ltr'>benedicite,</span> <span class='ocrx_word' id='word_1_179' title='bbox 1017 3501 1153 3576; x_wconf 88' lang='lat' dir='ltr'>credite</span> <span class='ocrx_word' id='word_1_180' title='bbox 1177 3500 1296 3588; x_wconf 87' lang='lat' dir='ltr'>nobis,</span> <span class='ocrx_word' id='word_1_181' title='bbox 1412 3573 1425 3594; x_wconf 71' lang='lat'>,</span> 
     </span>
     <span class='ocr_line' id='line_1_29' title="bbox 301 3596 1279 3699; baseline 0.004 -28"><span class='ocrx_word' id='word_1_182' title='bbox 301 3598 430 3673; x_wconf 75' lang='lat' dir='ltr'>&#39;Mille</span> <span class='ocrx_word' id='word_1_183' title='bbox 450 3601 686 3699; x_wconf 76' lang='lat' dir='ltr'>paternoster</span> <span class='ocrx_word' id='word_1_184' title='bbox 711 3596 912 3674; x_wconf 84' lang='lat' dir='ltr'>demandat</span> <span class='ocrx_word' id='word_1_185' title='bbox 922 3607 1027 3695; x_wconf 80' lang='lat' dir='ltr'>‘grex</span> <span class='ocrx_word' id='word_1_186' title='bbox 1052 3602 1121 3677; x_wconf 88' lang='lat' dir='ltr'>tibi</span> <span class='ocrx_word' id='word_1_187' title='bbox 1145 3600 1279 3675; x_wconf 66' lang='lat' dir='ltr'>noster·</span> 
     </span>
     <span class='ocr_line' id='line_1_30' title="bbox 323 3697 1351 3802; baseline 0.005 -30"><span class='ocrx_word' id='word_1_188' title='bbox 323 3697 395 3772; x_wconf 88' lang='lat' dir='ltr'>Per</span> <span class='ocrx_word' id='word_1_189' title='bbox 419 3699 554 3774; x_wconf 36' lang='lat' dir='ltr'>venias*</span> <span class='ocrx_word' id='word_1_190' title='bbox 573 3713 722 3776; x_wconf 89' lang='lat' dir='ltr'>centum</span> <span class='ocrx_word' id='word_1_191' title='bbox 748 3712 903 3776; x_wconf 88' lang='lat' dir='ltr'>verrunt</span> <span class='ocrx_word' id='word_1_192' title='bbox 927 3703 1054 3780; x_wconf 87' lang='lat' dir='ltr'>barbis</span> <span class='ocrx_word' id='word_1_193' title='bbox 1074 3700 1351 3802; x_wconf 75' lang='lat' dir='ltr'>pavimentum,</span> 
     </span>
     <span class='ocr_line' id='line_1_31' title="bbox 182 3788 1291 3903; baseline 0.001 -29"><span class='ocrx_word' id='word_1_194' title='bbox 182 3897 185 3903; x_wconf 19' lang='grc'>1</span> <span class='ocrx_word' id='word_1_195' title='bbox 321 3788 537 3888; x_wconf 81' lang='lat' dir='ltr'>Utdomini</span> <span class='ocrx_word' id='word_1_196' title='bbox 565 3801 686 3878; x_wconf 88' lang='lat' dir='ltr'>servos</span> <span class='ocrx_word' id='word_1_197' title='bbox 712 3802 816 3903; x_wconf 90' lang='lat' dir='ltr'>plebs</span> <span class='ocrx_word' id='word_1_198' title='bbox 842 3802 989 3879; x_wconf 91' lang='lat' dir='ltr'>mobilis</span> <span class='ocrx_word' id='word_1_199' title='bbox 1016 3803 1159 3881; x_wconf 86' lang='lat' dir='ltr'>estimet</span> <span class='ocrx_word' id='word_1_200' title='bbox 1182 3797 1291 3900; x_wconf 72' lang='lat' dir='ltr'>ipsos,</span> 
     </span>
     <span class='ocr_line' id='line_1_32' title="bbox 321 3899 1387 4006; baseline 0.014 -28"><span class='ocrx_word' id='word_1_201' title='bbox 321 3899 464 3978; x_wconf 86' lang='lat' dir='ltr'>Verum</span> <span class='ocrx_word' id='word_1_202' title='bbox 487 3903 640 3981; x_wconf 84' lang='lat' dir='ltr'>fallaces</span> <span class='ocrx_word' id='word_1_203' title='bbox 663 3905 743 3982; x_wconf 83' lang='lat' dir='ltr'>fore</span> <span class='ocrx_word' id='word_1_204' title='bbox 767 3905 803 3982; x_wconf 87' lang='lat' dir='ltr'>se</span> <span class='ocrx_word' id='word_1_205' title='bbox 827 3907 987 4006; x_wconf 88' lang='lat' dir='ltr'>produnt</span> <span class='ocrx_word' id='word_1_206' title='bbox 1012 3905 1052 3985; x_wconf 79' lang='lat' dir='ltr'>dr</span> <span class='ocrx_word' id='word_1_207' title='bbox 1076 3906 1217 3992; x_wconf 70' lang='lat' dir='ltr'>inanes,</span> <span class='ocrx_word' id='word_1_208' title='bbox 1250 3948 1255 3956; x_wconf 93' lang='lat'>·</span> <span class='ocrx_word' id='word_1_209' title='bbox 1384 3956 1387 3965; x_wconf 72' lang='lat'>=</span> 
     </span>
     <span class='ocr_line' id='line_1_33' title="bbox 263 3993 1453 4193; baseline 0.012 -113"><span class='ocrx_word' id='word_1_210' title='bbox 263 4109 267 4116; x_wconf 17' lang='grc' dir='ltr'><strong>ν</strong></span> <span class='ocrx_word' id='word_1_211' title='bbox 319 4000 422 4082; x_wconf 88' lang='lat' dir='ltr'>Dum</span> <span class='ocrx_word' id='word_1_212' title='bbox 446 4003 559 4086; x_wconf 88' lang='lat' dir='ltr'>nichil</span> <span class='ocrx_word' id='word_1_213' title='bbox 582 4006 632 4090; x_wconf 86' lang='lat' dir='ltr'>est</span> <span class='ocrx_word' id='word_1_214' title='bbox 655 4007 753 4094; x_wconf 86' lang='lat' dir='ltr'>intra</span> <span class='ocrx_word' id='word_1_215' title='bbox 777 4009 878 4193; x_wconf 49' lang='lat' dir='ltr'>qssofd</span> <span class='ocrx_word' id='word_1_216' title='bbox 902 4010 942 4092; x_wconf 87' lang='lat' dir='ltr'>in</span> <span class='ocrx_word' id='word_1_217' title='bbox 964 4009 1113 4094; x_wconf 81' lang='lat' dir='ltr'>hisdem</span> <span class='ocrx_word' id='word_1_218' title='bbox 1136 4003 1300 4096; x_wconf 81' lang='lat' dir='ltr'>cernitu</span> <span class='ocrx_word' id='word_1_219' title='bbox 1321 3993 1453 4192; x_wconf 43' lang='lat' dir='ltr'>exsssse&#39;</span> 
     </span>
     <span class='ocr_line' id='line_1_34' title="bbox 444 4130 1438 4196; baseline 0.012 -20"><span class='ocrx_word' id='word_1_220' title='bbox 444 4165 450 4176; x_wconf 90' lang='lat'><strong>.</strong></span> <span class='ocrx_word' id='word_1_221' title='bbox 884 4139 910 4196; x_wconf 76' lang='lat'><em>2</em></span> <span class='ocrx_word' id='word_1_222' title='bbox 1397 4130 1438 4188; x_wconf 77' lang='lat' dir='ltr'>e·</span> 
     </span>
    </p>
   </div>
   <div class='ocr_carea' id='block_1_5' title="bbox 0 0 2004 5417">
    <p class='ocr_par' dir='ltr' id='par_1_5' title="bbox 0 0 2004 5417">
     <span class='ocr_line' id='line_1_35' title="bbox 0 0 2004 5417; baseline 0 2"><span class='ocrx_word' id='word_1_223' title='bbox 0 0 2004 5417; x_wconf 95' lang='lat' dir='ltr'> </span> 
     </span>
    </p>
   </div>
  </div>
 </body>
</html>
