4000 5417
553 343 719 443 SncsX
743 327 1027 441 omousii]
1052 387 1162 460 rur.
1395 376 1466 471 '143

199 672 382 751 Convenit
396 666 592 768 apostolico
608 664 871 755 moderamini,
897 667 958 769 pia
972 669 1146 765 religione
1158 670 1381 767 pollentibus
1403 672 1464 749 be·

109 826 112 833 ,
199 773 324 849 nivola
347 770 528 847 charitate
549 767 809 844 succurrere&
828 768 1035 867 petentium
1060 770 1193 849 animis
1215 772 1328 847 alacri
1351 774 1464 849 devo·

60 942 64 953 .
198 874 296 949 tione
312 868 492 971 impertiri
507 867 691 965 assensum
743 870 803 949 Ex
818 870 890 945 hoc
906 871 1008 946 enim
1021 872 1113 952 lucri
1124 872 1346 970 potissimum
1367 898 1463 973 prae·

137 1066 139 1071 ,
196 976 317 1051 mium
340 972 563 1050 aconditore
589 970 762 1062 omnium,
775 972 961 1069 reponitur
985 974 1090 1061 Deo,
1117 976 1263 1070 quando
1277 978 1464 1053 venerabi-

194 1076 244 1152 lia
264 1078 349 1149 loca
362 1087 537 1173 oportune
552 1071 720 1147 ordinata
737 1072 785 1167 ad
810 1072 998 1149 meliorem
1011 1074 1149 1151 suerint
1172 1074 1246 1150 fine
1265 1078 1378 1153 dubio
1393 1078 1463 1153 sta·
1588 1082 1595 1095 ‘

194 1190 278 1251 tum
292 1174 412 1251 nostra
434 1172 630 1277 apostolica
655 1172 867 1251 auctoritate
892 1176 1070 1271 perdutta
1123 1176 1264 1273 Igitur,
1290 1180 1380 1275 quia
1396 1204 1463 1255 ex·
1589 1233 1594 1239 .

194 1278 375 1353 cellentiae
392 1275 517 1353 vestrae
525 1274 723 1349 laudabilis
737 1276 976 1351 mansuetudo
988 1277 1183 1375 postulavit
1197 1302 1220 1354 a
1232 1281 1351 1369 nobis,
1367 1304 1462 1379 qua·

193 1378 294 1453 tinus
308 1400 375 1477 pro
395 1398 521 1453 amore
544 1375 663 1451 diletii
682 1374 748 1449 lilii
769 1374 877 1451 nostri
901 1377 1041 1453 domini
1066 1378 1242 1455 Orrours
1264 1381 1363 1457 tertii
1388 1384 1460 1457 im·

186 1480 383 1579 peratoris,
398 1476 438 1570 dt,
450 1478 589 1553 dilestae
598 1474 810 1565 matrissuae
821 1476 1085 1568 sumentur,
1099 1479 1139 1555 dc
1153 1479 1311 1561 dominae
1318 1482 1473 1559 ancre

194 1603 364 1669 aaron,
391 1580 487 1657 aviae
503 1577 594 1661 suae,
621 1577 836 1676 spiritalium
851 1578 1256 1668 siliarum'nostrarum,
1281 1586 1456 1669 concede·

192 1703 346 1771 remus,
372 1680 410 1758 ὅ(
426 1678 755 1765 confirmaremus,
781 1680 887 1753 vobis
912 1678 1109 1777 vestrisque
1142 1680 1394 1781 successoribus
1419 1686 1459 1763 dr
1571 1710 1577 1731 ⁸

164 1798 167 1801 ·
191 1782 362 1881 posteris,
389 1796 431 1856 ut
446 1780 702 1878 supradictum
718 1780 785 1867 est,
800 1778 996 1877 praefatum
1011 1780 1268 1871 monasterium
1282 1790 1367 1859 cuin
1379 1808 1460 1859 om·

191 1884 303 1959 nibus
321 1882 435 1958 rebus
444 1880 639 1956 mobilibus
652 1878 690 1957 δι
716 1879 973 1955 immobilibus
988 1880 1076 1955 illuc
1088 1882 1362 1979 pertinentibus,
1377 1907 1461 1981 quac

153 2036 155 2043 -
191 1982 321 2059 dici&
335 1983 517 2057 nominari
540 1981 705 2080 possunt,
732 1980 941 2081 apraesenti
955 1982 1064 2057 tertia
1077 1981 1268 2058 indisiione
1292 1984 1462 2083 idipsum

191 2082 469 2160 sacratissimum
485 2082 742 2159 monasterium
764 2082 1061 2181 permanendum
1082 2080 1301 2171 statuimus,
1326 2083 1365 2161 dr
1389 2083 1459 2160 sta·
1483 2172 1492 2191 .
1569 2142 1574 2151 .

187 2185 330 2263 tuendo
344 2183 631 2269 confirmamus,
657 2184 726 2271 ita,
752 2196 797 2257 ut
810 2182 940 2257 cunsia
960 2184 1061 2270 loca,
1087 2183 1227 2259 urbana
1243 2186 1300 2259 vel
1315 2184 1458 2274 rustica,

184 2282 310 2372 idest,
336 2282 509 2361 fundis&
522 2284 727 2371 casalibus,
753 2280 848 2357 cafis
861 2281 899 2358 &
917 2282 1031 2369 villis,
1046 2283 1183 2359 vinetis
1198 2284 1237 2359 dr
1251 2284 1376 2373 terris,
1393 2287 1457 2363 seu

184 2384 365 2473 castellis,
392 2386 551 2483 campis,
576 2385 703 2485 pratis,
727 2382 883 2483 pascuis,
911 2382 1037 2478 sylvis,
1064 2380 1225 2473 saltibus,
1252 2386 1456 2475 arboribus,

181 2486 383 2585 pomiferis,
409 2486 600 2561 frustiseris
617 2486 675 2561 vel
690 2482 954 2571 infrusiiseris,
981 2484 1108 2559 diversi
1125 2485 1295 2581 generis,
1320 2489 1454 2585 puteis,

181 2586 367 2675 sontibus
391 2587 495 2675 rivis,
510 2589 633 2684 aquis,
650 2585 891 2672 molendinis,
909 2582 1185 2684 piscationibus,
1198 2588 1337 2687 praedia
1349 2587 1454 2665 culta

179 2688 219 2765 ar
235 2690 403 2774 inculta,
429 2711 602 2763 unacum
617 2688 757 2763 colonis
777 2685 817 2763 dc
843 2684 997 2775 famulis
1021 2687 1230 2777 suiacum
1243 2688 1453 2767 decimis&

179 2786 302 2864 solitis
322 2787 583 2867 donationibus
611 2787 649 2862 dc
673 2785 850 2863 universis
863 2788 999 2876 rebus,
1025 2810 1111 2885 quae
1124 2789 1248 2886 aliquo
1275 2792 1452 2881 modoad

179 2888 312 2987 ipsum
326 2888 449 2959 locum
463 2886 643 2981 pertinent
655 2888 715 2961 vel
739 2886 919 2981 pertinere
934 2888 1096 2977 debent,
1118 2891 1319 2968 amodo&
1332 2914 1451 2987 usque

178 2990 221 3065 in
234 2988 352 3062 finem
368 2983 505 3072 saeculi,
523 2982 626 3059 ficuti
642 2984 687 3058 ab
702 2984 917 3079 antecessore
929 2988 1066 3079 nostro,
1090 2989 1240 3065 domino
1254 2993 1451 3067 Benedisto

179 3086 399 3167 sanstiffimo
415 3084 566 3184 septimo
591 3088 709 3183 Papa,
734 3110 798 3185 per
812 3090 985 3187 praecepti
997 3091 1170 3188 paginam
1179 3093 1285 3168 vobis
1301 3117 1450 3169 conces·
1604 3116 1608 3124 ·

178 3190 261 3267 sum
277 3186 349 3277 est,
368 3187 428 3263 'ita
449 3186 487 3267 dt
508 3209 578 3260 nos
593 3186 719 3261 omnia
750 3186 789 3261 in
811 3188 996 3284 integrum
1020 3214 1085 3289 per
1096 3192 1166 3266 hoc
1190 3194 1351 3270 nostrum
1365 3218 1453 3291 apo-
1602 3246 1616 3259 -

178 3286 632 3388 stolicumprivilegium,
657 3309 703 3360 ex
719 3288 930 3365 austoritate
944 3290 1043 3367 beati
1068 3292 1167 3368 Petri
1182 3295 1344 3391 apostoli,
1362 3318 1451 3369 cum

171 3393 287 3469 omni
303 3389 495 3465 securitate
520 3386 560 3462 dc
575 3385 824 3482 tranquilitate
839 3390 942 3465 vobis
958 3390 996 3467 dr
1022 3390 1168 3489 posteris
1181 3394 1451 3483 vestrisconce·
1566 3437 1571 3445 -

177 3495 311 3572 dimus
325 3488 364 3567 dr
390 3488 651 3565 confirmamus
666 3487 879 3565 donandum
894 3493 1160 3591 perpetualiter.
1212 3496 1294 3571 Post
1306 3496 1452 3571 obitum

175 3616 271 3671 vero
290 3592 435 3667 abbatis
448 3612 556 3665 nemo
571 3590 710 3679 ibidem
736 3588 907 3665 abbatem
924 3589 1133 3679 constituat,
1158 3592 1224 3674 nili
1237 3618 1350 3689 quem
1364 3620 1450 3671 con·

175 3694 308 3771 sensus
321 3691 359 3768 &
386 3692 591 3768 communis
616 3692 792 3767 voluntas
814 3690 971 3775 fratrum
996 3715 1044 3767 ex
1064 3693 1138 3790 ipsa
1171 3696 1450 3789 congregatione
1602 3748 1611 3767 .

173 3792 348 3889 elegerit
399 3792 601 3869 Statuirnus
614 3796 729 3869 etiam
746 3791 942 3892 apostolica
967 3792 1117 3871 censura
1138 3795 1201 3870 sub
1215 3795 1330 3872 drvrnr
1349 3798 1447 3894 Judi·

174 3896 228 3992 cii
240 3891 502 3990 obtestatione,
515 3893 553 3977 δι
567 3895 1041 3991 uenenatainterdlau,
1057 3910 1100 3978 ut
1109 3898 1236 3979 nullus
1251 3899 1351 4082 dirai
1365 3901 1448 3977 nul·

1351 4023 1397 4083 ils
