4000 5417
495 449 572 534 apa
871 425 1062 506 Cnaou.
1089 445 1151 504 nr
1177 425 1393 508 carrio

498 757 604 822 rum,
618 747 685 810 aut
698 733 747 809 ad
769 731 1022 832 praeposituras
1036 733 1272 834 pertinentia,
1295 731 1575 825 inbeneficiare,
1602 741 1770 830 vendere,

496 838 621 915 locare
636 838 697 912 vel
712 835 787 911 alio
801 835 912 912 modo
925 837 1093 932 quolibet
1117 834 1191 914 sine
1214 836 1404 913 communi
1417 835 1577 915 fratrum
1599 841 1772 918 consensu
1824 861 1826 864 ’

499 941 563 1018 rel
578 932 727 1033 majoris
752 936 791 1014 δι
813 936 963 1014 sanioris
987 939 1105 1040 partis
1127 941 1287 1015 alienare
1308 935 1532 1038 praesumat,
1559 944 1659 1038 quod
1672 941 1699 1018 fi
1713 943 1771 1018 fa-

434 1062 438 1071 ·
500 1041 600 1116 sium
614 1041 743 1127 suerit,
764 1037 909 1136 juribus
926 1063 1050 1117 carere
1066 1039 1258 1116 sancimus.
1311 1039 1576 1140 Praeposlturas
1592 1045 1771 1120 cellarum

499 1143 704 1221 vestrarum
718 1133 998 1220 &obedientias
1025 1141 1233 1220 monasterii
1248 1154 1395 1218 tantum
1410 1145 1605 1220 monachis
1619 1146 1773 1246 capituli

438 1322 443 1330 ,
499 1243 628 1333 vestri,
655 1241 876 1343 sapientibus
890 1245 1005 1334 viris,
1032 1243 1142 1324 salvis
1155 1265 1285 1321 earum
1301 1245 1435 1333 rebus,
1461 1243 1656 1324 statuimus
1669 1252 1772 1326 com·¹

499 1347 714 1426 mittendas
766 1343 974 1423 Advocatio
987 1347 1102 1422 etiam
1118 1345 1227 1448 ipsius
1247 1345 1453 1422 monasterii
1469 1345 1533 1425 sub
1553 1349 1773 1428 intermina·

499 1449 601 1527 hone
613 1446 861 1524 anathematis
876 1447 1131 1546 prohibemus,
1157 1471 1204 1525 ne
1219 1449 1391 1546 cuiquam
1407 1449 1517 1528 liceat
1530 1449 1570 1526 in
1594 1449 1771 1550 poffeffio·

498 1552 609 1628 nibus
623 1549 731 1650 ipsius
745 1548 949 1625 monasterii
964 1549 1111 1627 castella
1132 1551 1194 1628 vel
1208 1551 1432 1627 munitiones
1447 1553 1540 1629 alias
1554 1551 1774 1644 constmere,

499 1652 684 1732 familiam
706 1650 781 1727 sive
792 1652 943 1728 colonos
965 1651 1126 1729 ecclesrae
1140 1653 1250 1729 novis
1263 1651 1302 1729 ἃ
1318 1653 1492 1729 indebitis
1509 1653 1772 1756 ,erationibus

501 1755 685 1851 fatigare,
711 1753 771 1844 vel
786 1752 913 1834 abbati
939 1754 977 1829 in
993 1753 1144 1851 justitiis
1166 1753 1327 1833 ecclesiae
1352 1755 1577 1856 requirendis
1602 1755 1665 1832 seu
1678 1755 1773 1833 obti-

501 1855 633 1934 nendis
650 1853 740 1930 ausu
753 1854 947 1930 temerario
959 1858 1154 1934 contraire.
1207 1857 1375 1936 Obeunte
1395 1879 1485 1935 vero
1506 1873 1543 1934 te
1558 1882 1655 1934 nunc
1676 1855 1774 1956 ejus·

501 1958 588 2034 dem
605 1957 677 2032 loci
697 1955 832 2033 abbate
858 1957 919 2032 vel
939 1970 1090 2035 tuorum
1111 1960 1279 2058 quolibet
1298 1959 1558 2049 successonuu,
1585 1961 1709 2037 nullus
1722 1957 1774 2036 ibi

502 2058 666 2159 qualibet
698 2057 940 2156 subreptionis
964 2059 1097 2138 astutia
1123 2063 1186 2138 seu
1219 2061 1397 2141 violentia
1422 2075 1658 2164 praeponahtr
1673 2116 1689 2152 ,.
1708 2059 1775 2140 nifi

502 2183 617 2261 quern
637 2159 770 2236 fratres
792 2163 982 2238 communi
1002 2163 1174 2242 consensu
1194 2166 1255 2242 vel
1282 2165 1441 2241 fratrum
1456 2187 1541 2264 pars
1565 2163 1704 2247 consrlii
1719 2164 1775 2241 sa-

502 2263 616 2340 nioris
632 2261 831 2338 secundum
857 2264 925 2340 Dei
941 2266 1114 2342 timorem
1127 2266 1166 2344 ἀ
1180 2267 1278 2344 beati
1298 2267 1486 2343 Benedisti
1498 2267 1666 2359 reguiam
1679 2289 1775 2361 prae·

506 2365 667 2443 viderint
682 2364 905 2462 eligendum.
928 2367 1171 2444 Decernimns
1192 2390 1291 2466 ergo,
1305 2381 1348 2442 ut
1364 2367 1461 2442 nulli
1481 2365 1630 2440 omnino
1654 2365 1775 2440 homi·

504 2490 595 2546 num
619 2468 731 2542 liceat
754 2465 998 2565 supradistum
1023 2469 1283 2548 monasterium
1308 2481 1447 2542 temere
1469 2466 1682 2566 perturbare
1708 2475 1775 2543 aut

506 2565 588 2665 ejus
608 2565 829 2668 possessiones
854 2568 1025 2663 auferre,
1049 2573 1111 2650 uel
1136 2570 1281 2646 ablatas
1295 2569 1476 2658 retinere,
1501 2567 1686 2659 minuere,
1713 2567 1776 2644 seu

504 2670 734 2768 quibuslibet
755 2671 1011 2750 vexationibus
1034 2673 1217 2769 fatigare,
1244 2669 1306 2750 sed
1319 2671 1448 2746 omnia
1479 2670 1623 2765 integra
1638 2693 1682 2746 ac
1705 2670 1776 2746 ilii·

504 2775 595 2851 bata
620 2771 806 2852 serventur
817 2797 976 2863 eorum,
999 2797 1156 2874 quorum
1180 2770 1498 2871 gubernatione&
1522 2769 1777 2848 sustentatione

505 2873 670 2952 concessa
682 2876 789 2964 sunt,
814 2876 937 2953 usibus
970 2875 1194 2954 omnimodis
1218 2875 1439 2974 profutura,
1464 2873 1564 2949 salva
1581 2872 1674 2948 sedis
1691 2897 1778 2974 apo·

505 2975 641 3056 stolicae
655 2977 894 3067 authoritate,
922 2978 986 3057 sub
999 2977 1106 3075 cujus
1117 2975 1200 3074 jure
1214 2977 1252 3056 &
1267 2973 1470 3074 patrocinio
1485 2973 1689 3053 consistunt
1735 2975 1778 3051 Si

504 3103 579 3180 qua
598 3081 712 3177 igitur
737 3081 961 3156 infuturum
976 3076 1234 3168 ecclesrastica‚
1260 3077 1492 3156 saecularisve
1505 3077 1654 3176 persona
1677 3077 1776 3152 hanc

504 3182 636 3262 nostrae
654 3181 920 3260 constitutionis
936 3183 1112 3281 paginam
1121 3181 1236 3257 sciens
1251 3194 1378 3258 contra
1402 3203 1487 3256 eam
1500 3189 1636 3256 temere
1652 3179 1777 3256 venire
1846 3227 1851 3242 ι

506 3283 762 3384 temptaverit,
789 3282 965 3375 seeundo,
990 3283 1149 3361 tertiove
1162 3281 1406 3371 commonita,
1433 3279 1496 3356 nisi
1510 3293 1654 3358 reatum
1670 3279 1777 3358 suum

508 3384 625 3484 dig'na
648 3384 888 3462 satissattione
910 3386 1137 3472 correxerit,
1163 3383 1353 3486 potestatis
1372 3383 1594 3482 honorisque
1626 3382 1678 3458 sui
1694 3382 1777 3479 dig-

508 3490 626 3565 nitate
641 3501 789 3578 careat,
816 3509 989 3586 reamque
1004 3488 1038 3564 se
1052 3487 1178 3564 divino
1188 3487 1328 3584 judicio
1342 3485 1495 3562 existere
1509 3485 1555 3561 de
1569 3497 1779 3586 perpetrata

448 3657 453 3665 .
509 3590 704 3688 iniquitate
719 3589 940 3686 cognoscat,
965 3589 1004 3668 ἃ
1020 3613 1042 3665 a
1057 3588 1288 3666 sacratiffimo
1301 3611 1452 3690 corpore
1465 3587 1504 3665 ἃ
1517 3587 1689 3685 sanguine
1709 3586 1779 3664 Dei

508 3691 548 3770 δι
562 3693 713 3770 Domini
730 3694 976 3792 redemptoris
990 3691 1101 3768 nostri
1113 3691 1194 3792 Jesu
1220 3691 1354 3770 Christi
1369 3689 1588 3778 alienafiat,
1614 3701 1726 3786 atque
1741 3689 1779 3766 in
1866 3691 1868 3694 ’

328 3866 336 3876 .
431 3821 433 3824 ·
499 3807 675 3888 ‚extremo
701 3795 873 3870 examine
899 3793 1065 3871 distrittae
1090 3794 1222 3870 ultioni
1237 3791 1431 3889 subjaceat.
1485 3791 1633 3868 Cuntiis
1653 3804 1779 3868 autem

505 3897 627 3972 eidem
652 3899 732 3973 loeo
758 3895 822 3972 sua
843 3894 930 3992 jura
953 3895 1183 3974 servantibus
1210 3892 1253 3970 srt
1276 3919 1352 3993 pax
1379 3895 1531 3972 Domini
1552 3892 1661 3970 nostri
1694 3892 1778 3995 Jesu

507 3997 664 4088 Christi,
690 3999 869 4096 quatinus
886 4022 929 4075 ac
943 4000 1006 4076 hic
1031 3996 1191 4074 emaum
1205 3993 1313 4075 bonae
1328 3997 1480 4073 astionis
1505 3997 1722 4097 percipiant,
1738 3993 1782 4071 δι’

509 4097 1308 4205 apuddistritiumjudiuempraemiaaeternae
1317 4100 1423 4215 pacis
1437 4096 1779 4301 ἱηνοαίειιιωὲιέᾏεη.
