4000 5417
535 466 605 519 120
906 436 1094 515 ennon.
1122 459 1184 514 aa
1210 434 1424 517 Caram

1623 604 1805 625 κ

532 656 705 673 μ

530 740 675 827 dream
691 736 939 858 apostolum,
955 740 1129 827 te‘rtium
1146 740 1199 825 ad
1217 734 1402 826 santium
1419 738 1665 825 Martiarum
1692 738 1805 828 Lau·

532 852 780 939 reshamenfi
797 880 964 967 quoque
980 852 1226 939 monasterio
1252 855 1361 936 inter
1379 847 1558 965 plurima
1584 848 1804 938 liberalita-

534 971 590 1052 tis
610 961 694 1052 suae
713 967 822 1053 dona
859 964 1116 1052 thuribulum
1132 986 1377 1080 argenteum
1394 986 1615 1078 magnum,
1634 964 1803 1051 &duos

534 1076 726 1164 nolarum
743 1078 919 1165 circulos
949 1101 1170 1192 argenteos
1188 1075 1394 1178 contulit,
1424 1076 1469 1162 δι
1497 1106 1599 1163 xxx
1618 1075 1802 1161 hubasin

533 1192 706 1279 Brumat
723 1223 748 1277 a
765 1190 892 1276 fratre
910 1186 983 1277 suo
1012 1191 1173 1279 Ottone
1190 1186 1327 1277 santio
1356 1188 1540 1277 Nazario
1566 1188 1657 1275 dari
1672 1216 1799 1305 expe·

470 1420 474 1427 .
534 1308 645 1393 tivit.
703 1302 881 1395 Praefuit
900 1304 1039 1395 eidem
1057 1306 1251 1391 coenobio
1278 1306 1397 1390 annis
1424 1301 1516 1391 llll.

546 1710 550 1719 ·
582 1652 763 1745 Duratio
781 1663 801 1712 '⁵
818 1656 982 1747 Ottoais
992 1516 1379 1771 priniiffirumat
1394 1652 1542 1744 XXX
1553 1650 1756 1741 hobarum.

563 1822 749 1896 nnomine
776 1818 905 1899 ranaae
926 1821 1189 1908 &individuae
1215 1819 1415 1910 Trinitatis.
1468 1818 1572 1893 Οττο
1596 1818 1720 1895 divina
1735 1844 1802 1897 an·

587 1938 723 1999 nuente
737 1924 934 1999 clementia
949 1947 1025 1999 rex.
1078 1921 1259 1999 Noverint
1273 1944 1402 2001 omnes
1415 1918 1542 1995 fideles
1562 1920 1682 2009 nostri,
1709 1944 1803 2020 prae·
1825 2002 1834 2009 ,

536 2023 655 2100 sentes
674 2024 806 2101 scilicet
832 2024 870 2101 δι
884 2026 1026 2113 futuri,
1051 2025 1213 2121 qualiter
1229 2046 1297 2099 nos
1322 2045 1387 2123 per
1412 2023 1660 2097 interventum
1681 2024 1802 2099 diletti

534 2124 660 2203 fratris
672 2126 780 2201 nostri
803 2128 1009 2216 Brunonis,
1034 2125 1208 2203 fratribus
1222 2127 1318 2214 Deo,
1343 2123 1533 2222 faustoque
1558 2126 1714 2201 Nazario
1729 2126 1802 2201 ser-

537 2229 722 2304 vientibus
736 2230 773 2303 in
798 2228 1036 2319 Lourrshom,
1062 2229 1110 2303 ad
1130 2227 1233 2305 usum
1253 2228 1401 2303 illorum
1422 2226 1460 2300 in
1484 2227 1670 2326 proprium
1684 2228 1801 2302 dona·
1825 2262 1832 2269 ·

539 2330 687 2417 vimus,
713 2329 885 2425 quicquid
898 2330 1120 2408 haereditarii
1124 2326 1495 2425 jurisGuntrammus
1508 2328 1635 2404 habuit
1652 2329 1691 2402 in
1700 2353 1798 2425 pago
1877 2420 1886 2431 ι

539 2428 689 2529 Elisaza
708 2427 840 2518 situm,
869 2430 907 2507 δι
927 2432 966 2507 in
991 2434 1151 2505 comitatu
1176 2433 1428 2508 Baauunaot
1452 2452 1643 2519 commas,
1669 2429 1802 2507 nostrae

538 2554 627 2607 vero
643 2528 809 2629 potestati
825 2546 866 2608 ut
888 2530 1086 2629 subjaceret
1107 2532 1298 2623 fiscatum,
1325 2532 1444 2620 idest,
1470 2534 1508 2607 in
1523 2530 1623 2607 villis
1648 2531 1802 2607 Bruma·

538 2634 624 2727 gad,
638 2632 675 2709 δι
692 2632 730 2705 in
745 2634 985 2723 Mummiam,
1000 2634 1038 2711 ὅ(
1054 2636 1091 2709 in
1118 2635 1244 2724 Grioz,
1271 2634 1309 2712 &
1325 2634 1363 2708 in
1382 2634 1438 2714 W
1432 2636 1570 2722 alchon,
1584 2634 1622 2712 &
1640 2636 1678 2709 in
1690 2634 1803 2709 Bara-

539 2736 699 2821 nashaim‚
715 2732 753 2809 ὅ(
767 2732 805 2807 in
829 2736 1034 2811 Moroshoim
1055 2736 1163 2812 XXX
1178 2736 1297 2812 hubas
1313 2760 1399 2811 cum
1414 2737 1587 2812 omnibus
1609 2736 1696 2811 iiiuc
1711 2736 1801 2835 aspi·

540 2835 719 2911 cientibus
745 2834 905 2925 mansis,
932 2838 1140 2937 mancipiis,
1166 2839 1307 2939 pratis,
1334 2836 1495 2937 pascuis,
1522 2838 1660 2935 sylvis,
1685 2860 1801 2935 aqua-

525 2944 669 3012 'rumve
682 2937 912 3027 decursibus,
940 2939 1168 3015 molendinis.
1221 2942 1272 3016 Et
1287 2953 1329 3014 ut
1340 2937 1452 3036 hujus
1467 2954 1580 3017 cartae
1593 2942 1802 3019 corrobora·

540 3039 592 3113 tio
608 3040 885 3138 omnitempore
911 3039 1036 3129 firma,
1062 3040 1270 3140 stabilisque
1284 3054 1519 3140 permaneat,
1544 3041 1616 3115 hoc
1636 3043 1803 3138 praesens

535 3136 701 3235 juffimus
725 3156 946 3240 praeceptum
961 3144 1154 3231 conscribi,
1179 3141 1218 3220 δι
1237 3144 1338 3218 anuli
1353 3142 1461 3218 nostri
1480 3140 1703 3239 impreffion'e
1717 3141 1800 3215 sub-

540 3257 602 3316 tus
624 3240 791 3337 infigniri.
845 3244 1040 3321 Liudolfus
1060 3244 1300 3321 cancellarius
1322 3244 1370 3320 ad
1385 3246 1505 3321 vicem
1528 3242 1710 3318 Bruuonis
1736 3264 1800 3317 ar·

347 3406 399 3451 11,
411 3386 512 3469 Aug„
537 3342 1000 3463 chieapellanirecpgnovi.
1056 3348 1153 3421 Data
1177 3345 1227 3421 ΙΙΙ
1253 3348 1336 3422 idus
1364 3336 1545 3465 Augusti,
1567 3366 1660 3463 anno
1676 3344 1799 3461 incar.

390 3490 465 3557 953,
515 3460 694 3541 ,nationis
722 3446 867 3522 Domini
896 3448 1153 3537 DCCCCLHI,
1180 3472 1277 3524 anno
1296 3472 1398 3544 regul
1424 3444 1719 3547 Ottonuprtffimr
1741 3470 1799 3522 re-

511 3660 514 3666 ,
536 3548 593 3644 gis
610 3548 725 3627 XVII.
778 3546 915 3625 Atium
927 3550 1074 3650 publice
1087 3551 1126 3626 in
1146 3550 1295 3629 civitate
1320 3552 1518 3646 Mogontia.

209 3778 214 3861 j
327 3778 526 3851 apeme,
537 3752 698 3925 Anno
718 3752 748 3810 ³³¹
764 3750 1000 3837 Dominicoe
1021 3753 1315 3861 incarnationis
1341 3750 1693 3846 DCCCXLVIII·
1718 3749 1804 3839 De·

644 3862 738 3947 hinc
767 3864 988 3964 Gerbod0,
1016 3869 1084 3951 vir
1102 3868 1216 3950 omni
1234 3870 1335 3954 vitae
1353 3894 1605 3978 morumque
1621 3866 1803 3981 ingenui·

438 4004 440 4009 ·
537 3997 623 4063 tate
641 3969 900 4091 spebabilis,
931 3975 1118 4087 ejusdem
1136 3980 1371 4070 monasterii
1386 3982 1579 4095 regimini
1598 3974 1805 4174 succepitit,
