4000 5417
417 561 424 568 ,
525 487 598 559 180
951 461 1134 542 ennon.
1159 479 1224 536 ur
1248 456 1471 541 Cunnrn·

526 773 594 864 aa
616 765 826 872 versutia,
854 768 1045 854 omnium
1071 769 1114 853 in
1150 761 1194 852 se
1212 769 1440 855 concitavit
1466 767 1576 854 odia.
1633 771 1801 865 Verum

527 889 701 980 Ottonis
737 883 855 970 ducis
880 881 959 967 fide
976 881 1022 968 bc
1050 881 1239 966 instantia
1262 879 1423 968 cundia
1445 879 1582 995 episco
1611 887 1801 977 iconati·

430 1007 433 1016 ’
526 1005 606 1090 bus
625 996 832 1114 explosit,
861 1017 952 1083 tam
977 993 1118 1080 abbati
1143 1019 1273 1105 quam
1287 994 1536 1080 monasterio
1564 912 1800 1112 dorbejenli

527 1111 600 1202 sua
619 1111 800 1213 libertam,
819 1109 891 1196 fua
916 1107 1098 1222 dignitas
1125 1102 1346 1192 incolomis
1364 1102 1607 1196 conservata
1627 1113 1696 1199 est.
1723 1115 1800 1201 De

528 1222 917 1317 Laureshammenfi
945 1249 1048 1308 vero
1074 1215 1268 1326 ecclefia,
1296 1220 1449 1307 dubius
1471 1223 1581 1310 inter
1609 1221 1724 1340 spem
1752 1229 1800 1315 dc

529 1363 726 1441 metum,
754 1357 1004 1453 conceptum
1028 1336 1157 1417 animi
1181 1332 1254 1434 diu
1273 1331 1488 1436 occuluit,
1516 1364 1601 1421 non
1629 1343 1800 1451 ignarus

531 1455 722 1541 omnium
737 1453 970 1566 principum
987 1447 1095 1532 odiis
1111 1442 1151 1532 se
1167 1440 1289 1648 ὕψει
1299 1445 1379 1531 hoc
1398 1448 1647 1562 expofitum,
1665 1451 1800 1539 donec

531 1587 701 1680 arrepta
725 1565 934 1649 occafione
959 1588 1132 1676 regem,
1229 1560 1425 1646 ormutiac
1447 1556 1595 1674 pascha
1620 1560 1800 1652 celebra-

529 1697 696 1780 turum,
724 1675 840 1766 velut
854 1679 897 1761 in
914 1675 1086 1762 transitu
1114 1669 1365 1763 Laurcslrum
1383 1674 1581 1777 adduxit,
1609 1678 1682 1762 ubi
1697 1707 1798 1796 rege

528 1788 701 1878 solemni
729 1789 906 1878 fratrum
936 1788 981 1875 br
1006 1787 1170 1872 abbatis
1198 1781 1402 1891 occursu,
1436 1808 1486 1874 ut
1504 1814 1581 1902 par
1605 1812 1729 1893 erat,
1754 1795 1799 1878 in

370 1987 381 1994 ,
527 1901 678 2022 palmis
696 1899 881 2034 ‘gloriose
906 1895 1121 2013 suscepto,
1151 1897 1366 2014 episcopus
1384 1902 1579 1986 abbatem
1604 1900 1801 1991 familiari

527 2014 737 2212 collopuro
753 2012 923 2100 adorsus
943 2015 1021 2114 est,
1050 2009 1370 2099 &sermonibus
1378 2011 1531 2146 ‘multis
1548 2011 1661 2100 ultro
1678 2021 1802 2130 citro

436 2143 442 2149 ·
527 2157 609 2244 „2
667 2123 1044 2327 illicitur
1060 2124 1356 2326 {turma
1373 2126 1800 2330 triluca·

525 2271 626 2441 llll
643 2271 812 2466 duoque
828 2267 938 2455 fid}
964 2339 1175 2481 pollicitus
1198 2352 1267 2439 est.
1324 2267 1582 2455 CuiPabbas,
1605 2380 1680 2469 par
1695 2271 1798 2469 {ars

525 2467 784 2582 rependam,
824 2460 1023 2577 obsequio
1055 2464 1238 2550 olhcium
1265 2460 1307 2550 se
1335 2462 1696 2580 compensaturum
1731 2498 1797 2554 re·

368 2658 373 2666 ,
521 2575 704 2694 spondit.
730 2573 961 2694 Episcopus
976 2599 1142 2680 autern,
1165 2607 1220 2662 ne
1237 2575 1338 2663 nihil
1356 2579 1653 2694 intemptatum
1669 2584 1795 2668 omit·

524 2711 654 2793 teret,
671 2689 866 2798 Judaeum
883 2689 1105 2804 quendam,
1120 2693 1255 2777 immo
1272 2689 1437 2798 Judam,
1452 2696 1526 2806 qui
1538 2690 1716 2809 episcopi
1732 2691 1793 2780 lo·

525 2801 645 2889 culos
680 2803 890 2906 habebat,
919 2801 1064 2889 callide
1099 2799 1325 2907 subornat,
1370 2831 1553 2920 eumque
1579 2803 1696 2895 velut
1731 2836 1793 2896 ex

431 2917 442 2926 “
525 2917 725 3003 mandato
742 2921 851 3032 regis
879 2918 1021 3004 abbati
1046 2915 1210 3003 summo
1237 2917 1369 3004 studio
1392 2920 1675 3008 commendat.
1732 2923 1795 3010 Aa

520 3025 698 3138 Judaeus
737 3027 908 3136 Judaica
931 3049 1055 3116 utens
1071 3030 1268 3145 perfidia,
1296 3028 1440 3132 nichil,
1464 3034 1579 3142 quod
1596 3029 1661 3118 *fui
1678 3057 1792 3137 erat,

525 3140 734 3257 'reliquum
752 3141 908 3244 facere,
938 3141 1117 3258 fingulos
1135 3142 1315 3230 fratrum
1331 3144 1376 3230 dt
1402 3145 1584 3228 maxime
1596 3147 1791 3254 J'uniores
1891 3154 1899 3160 '

522 3249 759 3359 sollicitare,
779 3254 874 3341 dein
891 3257 943 3340 ab
958 3253 1042 3358 his,
1073 3258 1147 3369 qui
1164 3256 1217 3342 ad
1235 3257 1398 3345 abbatis
1419 3253 1641 3342 auriculam
1651 3279 1788 3362 erant,

522 3366 676 3484 singula
693 3395 874 3482 quaeque
890 3363 1055 3482 scitari,
1084 3396 1182 3482 quae
1207 3368 1386 3457 fratrum
1411 3397 1508 3457 eum
1524 3371 1671 3456 abbate
1687 3398 1789 3458 con·

478 3501 483 3513 “
522 3483 692 3583 cordia,
721 3507 833 3594 quae·
853 3480 1148 3604 providentia,
1193 3509 1291 3595 quae
1319 3484 1478 3570 ordinis
1505 3479 1788 3588 observantia,

520 3597 616 3708 q'uis
644 3596 822 3708 denique
839 3607 985 3680 rerum
1012 3594 1057 3681 dc
1084 3591 1498 3728 personanutrnstatus
1525 3626 1599 3712 per
1624 3598 1790 3684 abbatis

520 3705 589 3796 vel
607 3707 847 3794 industriam
874 3704 971 3794 clfet
995 3705 1302 3841 vel.1gnaviam
1319 3771 1331 3813 ,
1358 3713 1562 3797 attentius
1578 3711 1788 3825 indagare.

521 3823 582 3909 At
600 3822 672 3907 ubi
687 3817 810 3906 nichil
837 3849 920 3905 non
937 3817 1057 3905 laude
1086 3820 1479 3938 dignumexpiscari
1497 3829 1638 3938 potuit
1658 3885 1669 3924 ,
1697 3846 1788 3911 tan·

518 3933 615 4019 dem
635 3935 798 4020 animos
822 3928 895 4018 sub
916 3929 1042 4045 vulpe
1066 3928 1245 4020 latentes
1271 3936 1454 4038 detexit,
1480 3933 1698 4052 ipsumque
1725 3933 1788 4021 lo

504 4071 615 4144 ,cum
631 4074 728 4135 cum
755 4047 871 4132 omni
898 4047 1138 4158 integritate
1165 4047 1337 4137 domino
1359 4046 1434 4142 suo
1468 4047 1598 4164 regali
1623 4049 1788 4136 munifi·

1628 4189 1723 4248 cen·
