4000 5417
563 544 615 599 22
791 612 792 617 Ν
937 521 1124 599 Canon.
1153 540 1214 595 nr
1240 517 1456 597 Cannam

569 806 821 924 abutuntur‚'
849 850 945 908 cum
963 841 1082 936 pater
1097 819 1417 937 iste-imperialis
1436 822 1578 923 abbas,
1595 816 1712 939 regni
1728 827 1839 939 prin·

567 960 616 1016 ce
646 962 667 1017 s
686 933 804 1021 dives
822 934 866 1021 bt
882 957 1149 1051 praepotens,
1179 961 1343 1047 magnae
1359 931 1486 1019 samae
1505 996 1517 1037 ,
1548 934 1648 1021 clari
1673 940 1839 1051 generis

565 960 667 1129 nisis
692 1043 996 1179 praesumpserit
1024 1050 1182 1161 absque
1210 1050 1321 1159 regis
1343 1042 1412 1156 vel
1439 1045 1605 1133 consilio
1640 1048 1709 1136 vel
1761 1080 1837 1136 rae
1871 1154 1875 1159 p

567 1178 701 1285 septu,
721 1163 848 1247 etiam
866 1190 908 1244 m
925 1155 1012 1275 ipso
1028 1164 1179 1245 mortis
1196 1156 1383 1259 articulo,
1400 1158 1586 1247 derebus
1603 1077 1836 1248 monasserii

563 1272 790 1386 disponere.
817 1272 950 1359 Tanta
969 1294 1068 1358 tunc
1083 1294 1173 1358 erat
1202 1267 1412 1387 religionis
1428 1299 1556 1376 cura,
1580 1275 1686 1383 juris
1702 1270 1836 1360 obser·

563 1387 719 1487 vanna,
724 1383 885 1587 >siggim
894 1410 1124 1501 regumque
1140 1387 1387 1472 reverentia.
1403 1382 1538 1472 Rexit
1546 1382 1678 1501 ipsum
1693 1382 1836 1473 locum

565 1526 698 1585 annos
773 1501 791 1585 l
833 1561 844 1583 .

641 1613 765 1698 Anno
773 1611 1009 1705 Dominicae
1018 1612 1313 1699 incarnationis
1327 1608 1833 1702 DCCLXXVIHI.Gun·
1987 1691 1990 1712 ,

565 1721 741 1809 delando
764 1726 892 1838 igitur
914 1722 1098 1855 deposito
1123 1730 1259 1810 camis
1286 1753 1411 1810 onere
1438 1724 1490 1809 ad
1516 1718 1695 1810 coeleliia
1722 1752 1833 1810 com·
1934 1784 1940 1793 ι
1988 1759 1989 1807 r

567 1844 775 1951 migrante
799 1832 1055 1923 substituitur
1082 1836 1370 1939 Helmericus,
1387 1839 1456 1924 vir
1480 1832 1691 1951 religiosus
1706 1836 1761 1924 bt»
1778 1833 1846 1924 sa·-

567 1954 718 2065 piens,
747 1947 925 2036 fratrum
941 1951 1112 2062 quidem
1134 1948 1337 2037 eleslione
1362 1978 1419 2035 ex
1437 1951 1560 2064 ipfius
1584 1952 1834 2065 congregati·

564 2067 659 2149 onis
676 2063 911 2177 corpore&
939 2060 1099 2175 glorios
1127 2067 1238 2177 regis
1275 2062 1416 2152 Caroli
1431 2063 1697 2150 inllinttione.
1751 2062 1833 2149 Hic

567 2173 761 2260 ecclesiae·
785 2176 994 2289 laquearia
1031 2173 1158 2276 fecit,
1227 2179 1489 2265 avimentum
1504 2269 1507 2272 ,
1522 2176 1695 2276 stravit,
1744 2204 1833 2259 can-

567 2286 694 2371 cellos
712 2291 820 2371 circa
836 2289 1027 2372 tumbam
1043 2282 1169 2375 saneti
1187 2204 1359 2377 suzaria
1375 2293 1477 2373 auro
1495 2311 1750 2401 argentoque
1767 2286 1834 2371 de

568 2401 758 2500 coravit,
788 2396 916 2485 altare
934 2402 1065 2485 etiam
1090 2399 1208 2485 fimili
1224 2396 1405 2516 impensa
1430 2402 1474 2488 br
1492 2428 1618 2513 opera
1646 2396 1834 2481 mirifica·

567 2516 643 2615 vit,
664 2511 777 2624 quod
823 2512 932 2601 ostea
949 2511 1004 2597 ad
1033 2510 1244 2601 'ecclesiam
1260 2512 1384 2600 sandi
1401 2512 1540 2611 Petri,
1598 2540 1665 2595 uae
1682 2510 1834 2594 dicitur

445 2606 452 2651 ¹
565 2540 869 2734 silbamunda,
888 2622 1223 2712 translatumelt
1252 2626 1326 2714 Iste
1342 2645 1461 2739 pater
1477 2538 1627 2707 amissis
1644 2617 1714 2707 seu
1738 2618 1834 2707 casu

567 2732 639 2822 seu
665 2737 943 2852 imprudentia
959 2738 1212 2851 quibusdam
1228 2737 1500 2823 donationum
1516 2738 1663 2837 cartis,
1682 2737 1834 2848 quibus

566 2878 635 2935 res
651 2850 884 2938 monasterii
903 2853 1220 2938 continebantur
1236 2846 1398 2935 insertae
1415 2910 1426 2950 ,
1453 2850 1612 2962 regiam
1628 2849 1835 2963 expetivit

567 2962 877 3069 austoritatem,
907 2985 1115 3076 quatenus
1135 2993 1205 3065 ea,
1234 2990 1332 3076 quae
1346 2964 1457 3048 bona
1482 2960 1562 3046 sade
1586 2962 1631 3047 dt
1654 2960 1760 3071 justo
1785 2962 1834 3045 ti·

566 3073 656 3160 tulo
683 3080 839 3189 absque
874 3080 988 3161 omni
1017 3080 1126 3164 inter
1155 3074 1347 3163 ellatione
1384 3097 1555 3160 eatenus
1581 3073 1833 3186 possidebat,

528 3273 533 3282 ,
566 3190 718 3276 iterato
738 3188 1001 3279 confirmaret
1019 3104 1269 3307 privilegio,
1296 3186 1410 3304 quod
1426 3182 1506 3273 tale
1518 3185 1591 3271 esb

1153 3402 1232 3493 IX.

708 3539 965 3654 Praeceptum
981 3533 1130 3627 *Caroli
1153 3532 1292 3649 magni
1307 3510 1353 3621 cla
1370 3532 1498 3620 cartis
1506 3528 1682 3647 perditas

545 3710 760 3844 'Cataonas
788 3707 909 3803 gratia
936 3704 1006 3789 Dei
1029 3730 1097 3782 rex
1131 3705 1355 3781 Francorum
1375 3700 1414 3777 dt
1440 3696 1765 3795 Longobardorum
1791 3718 1832 3771 ac

630 3808 798 3906 patritius
815 3810 1081 3883 Romanorum.
1136 3806 1278 3882 Notum
1293 3804 1336 3883 stt
1348 3800 1694 3879 omnibusfidelibus
1709 3797 1833 3872 nostris

559 3920 640 3985 tam
661 3908 896 4007 praesentibus
921 3929 1036 4003 quam
1061 3907 1101 3982 dt
1126 3908 1279 3993 funeris,
1305 3908 1463 4004 qualiter
1478 3903 1628 3978 veniens
1653 3900 1833 3976 Helmeri·

536 4020 539 4027 '
562 4034 628 4088 cus
642 4011 739 4087 abba
756 4012 795 4085 in
810 4007 1042 4109 praesentiam
1056 4006 1212 4081 nostram
1228 4008 1333 4082 nobis
1349 4007 1527 4092 innotuit,
1551 4026 1597 4078 eo
1612 4004 1710 4100 quod
1722 4015 1834 4077 carte

537 4126 545 4139 ⁴
564 4134 629 4211 per
648 4111 788 4191 diversa
804 4114 890 4199 loca¹
909 4108 1069 4187 ecclesus
1084 4108 1158 4186 suae
1170 4106 1282 4186 sandi
1297 4110 1447 4188 Nazarii
1462 4106 1625 4210 perditae.
1635 4100 1775 4281 suiqslqrg
1796 4100 1836 4177 dt
