4000 5417
518 466 596 542 334
981 439 1334 530 Tannrnrouns

521 745 568 822 ab
582 745 653 821 hac
666 748 724 823 die
738 745 778 823 δι
791 745 961 846 deinceps
975 747 1024 824 ad
1037 747 1152 846 ipsum
1170 747 1330 824 santtnm
1357 746 1483 824 locum
1497 751 1559 826 vel
1572 754 1620 828 ad
1645 767 1795 852 agentes

518 846 628 946 ipfius
649 849 935 948 omnitempore
955 849 1120 948 proficiat
1141 848 1179 924 in
1200 861 1444 944 augmentum
1464 850 1693 950 stipulatione
1714 857 1794 932 sub·
1856 879 1861 890 ·

330 977 384 1054 ῃ.
402 958 475 1038 Jun.
520 949 622 1024 nixa.
683 949 820 1025 Attum
851 951 889 1025 in
913 949 1128 1026 monasterio
1148 949 1362 1024 Lauresbum
1386 951 1451 1027 sub
1473 953 1533 1027 die
1554 957 1589 1034 V
1612 957 1795 1033 kalendas

521 1051 627 1150 Jutii,
641 1049 679 1128 dr
695 1065 857 1150 tempore
873 1075 946 1148 quo
960 1053 1079 1152 supra.
1130 1051 1285 1147 Signum
1301 1052 1559 1150 Riphuuini&
1575 1057 1771 1134 Giselhelm
1780 1111 1795 1148 ,

523 1154 587 1252 qui
600 1153 697 1230 hanc
711 1153 949 1236 donationem
964 1155 1143 1232 fecerunt.
1170 1155 1251 1248 Ego
1260 1152 1467 1232 Grimarius
1479 1170 1631 1252 rogatus
1640 1157 1770 1260 scripu.

525 1500 716 1595 Venditio
733 1371 1665 1706 Ripbuuiuffrbgbtiytzssbostnsbeimsobia‚
1691 1535 1798 1596 anuo

1520 1651 1543 1706 0

608 1617 641 1705 Ι
650 1617 794 1703 domam
813 1614 935 1727 nostri
983 1617 1089 1704 uroli
1105 1616 1247 1730 magui
1257 1677 1269 1719 ‚
1288 1620 1492 1752 Gundeluu
1561 1621 1711 1728 abbate.

524 1788 627 1917 Ego
647 1779 882 1878 Riphuuinus
905 1779 1025 1858 fateor
1049 1805 1110 1859 me
1133 1784 1241 1861 vobis
1272 1783 1430 1861 vendiss‘e
1460 1786 1508 1862 de
1538 1797 1637 1863 terra
1666 1786 1798 1863 arabili

614 1877 750 1975 jurnai.
770 1879 826 1977 jjjj
853 1882 893 1958 in
920 1883 978 1956 Ba
1003 1885 1167 1960 usbeimer
1198 1885 1379 1976 marcha,
1420 1885 1459 1964 dt
1489 1889 1614 1989 accepi
1642 1913 1665 1964 a
1692 1888 1799 1968 vobis

524 1981 566 2056 in
582 1982 719 2079 pretio,
741 1981 852 2077 juxta
874 2005 948 2080 quo
997 1987 1105 2062 nobis
1128 1989 1355 2087 complacuit
1377 2001 1488 2087 atque
1511 1990 1700 2079 convenit,
1737 2012 1799 2068 ca·

524 2081 667 2161 ballum
681 2105 820 2170 unum,
845 2083 885 2162 δι
899 2103 1146 2164 memoratam
1167 2102 1305 2165 terram
1327 2089 1445 2174 vestro
1466 2091 1570 2167 miffo
1592 2091 1799 2191 praesentia·

525 2183 613 2259 liter
625 2185 759 2259 tradidi
773 2183 1046 2283 poffidendnm,
1071 2189 1111 2266 δι
1126 2191 1208 2267 loca
1222 2190 1382 2287 fingula‚
1408 2193 1472 2268 ubi
1482 2191 1675 2286 jacebant,
1693 2193 1800 2289 assig·

525 2285 634 2373 navi,
660 2287 714 2361 ita
733 2299 776 2361 ut
799 2286 846 2362 ab
867 2286 940 2362 hac
965 2289 1025 2364 die
1046 2290 1215 2368 habeatis
1236 2290 1318 2386 jure
1332 2292 1511 2378 habendi,
1539 2293 1702 2377 tenendi,
1729 2295 1797 2366 do·

526 2387 667 2474 nandi,
700 2389 973 2478 commutandi,
1006 2393 1068 2467 vel
1093 2393 1272 2490 quidquid
1293 2391 1424 2466 exinde
1444 2391 1563 2466 facere
1584 2391 1793 2478 volueritis,

526 2487 643 2563 libero
660 2487 896 2586 perfruamini
916 2489 1078 2568 arbitrio.
1131 2493 1172 2567 Si
1188 2492 1272 2587 quis
1295 2512 1401 2580 vero,
1428 2491 1526 2588 quod
1540 2489 1708 2566 futurum
1725 2487 1794 2565 elie

480 2678 483 2684 ¹
527 2588 682 2665 minime
708 2592 840 2680 credo,
874 2587 917 2668 ὅ
940 2594 1073 2689 reliquo
1093 2596 1206 2666 omniu
1226 2589 1421 2690 utsupra,
1446 2614 1572 2689 usque:
1598 2589 1735 2667 Aoum
1756 2591 1797 2667 in

525 2690 743 2767 monasterio
756 2691 986 2780 lauresham,
1002 2692 1065 2770 sub
1078 2693 1138 2768 die
1152 2691 1191 2769 δι
1206 2706 1371 2792 tempore
1392 2715 1465 2792 quo
1480 2693 1598 2792 supra.
1639 2692 1799 2788 Signum

423 2863 427 2871 .
526 2791 732 2892 Riphuuiui
761 2793 800 2870 δι
827 2793 1068 2883 Giselhelmi,
1115 2795 1180 2892 qui
1207 2794 1304 2870 hanc
1336 2795 1590 2870 venditionem
1616 2793 1800 2880 fecerunt,

526 2891 670 2994 fignum
691 2895 913 2988 Rachionis‚
928 2895 1131 2976 Ciluuardi.
1173 2896 1257 2992 Ego
1274 2895 1429 2976 Samuel
1449 2908 1602 2994 rogatus
1623 2893 1751 2996 scripsi.

1048 3043 1321 3208 comum.

527 3227 1610 3362 DonatioAlrramniproesbituri&³Autbertiiueodem
1620 3242 1796 3346 marcho,

583 3388 686 3448 anno
703 3362 735 3452 I
732 3363 783 3453 V
789 3362 937 3449 domini
956 3359 1078 3472 nostri
1092 3362 1239 3452 Koroli
1256 3359 1394 3472 magni
1406 3356 1655 3472 glorioſsffimi
1672 3355 1740 3444 im·
1889 3389 1895 3394 ·

758 3597 763 3608 ἦ
808 3473 1043 3588 paraturis,
1063 3473 1317 3564 Gundelon'do
1335 3473 1484 3558 abbate.

337 3665 390 3733 η.
406 3641 498 3721 uara
529 3637 903 3776 Inuumunaue,¹
918 3639 981 3717 suo
997 3639 1058 3758 uu
1072 3640 1160 3759 xm
1173 3639 1352 3716 naeuus
1366 3634 1528 3746 Aprum
1543 3657 1639 3709 anno
1653 3631 1706 3750 m
1719 3593 1799 3728 reg-

312 3811 315 3820 .
582 3763 621 3814 nr
643 3743 782 3816 domim
797 3739 907 3815 nostri
920 3742 1050 3817 Karoh
1070 3765 1188 3837 reg1s;
1212 3765 1282 3837 ego
1306 3739 1528 3816 Altramnus
1551 3735 1741 3834 praesbiter
1760 3733 1799 3810 δι

529 3865 727 3940 germanus
749 3865 855 3921 meus
869 3839 1075 3919 Autbertus
1090 3866 1155 3939 pro
1171 3843 1239 3917 Dei
1253 3841 1408 3931 intuitu,
1430 3841 1490 3916 vel
1506 3859 1571 3937 pro
1587 3837 1721 3913 animae
1734 3858 1798 3908 no-

530 3943 613 4033 strae
627 3947 807 4035 remedio,
833 3945 871 4022 dt
893 3968 960 4044 pro
981 3957 1121 4021 aeterna
1143 3944 1396 4033 retributione,
1421 3954 1466 4018 ut
1480 3940 1627 4018 veniam
1647 3937 1694 4012 de
1713 3957 1798 4034 pec·

531 4047 626 4126 catu
648 4047 777 4128 nostris
799 4048 948 4152 adipisci
960 4067 1187 4135 mereamur,
1212 4068 1277 4148 per
1303 4045 1402 4128 hano
1427 4043 1611 4128 canuam
1632 4035 1802 4216 doffisdo-
