4000 5417
494 410 551 466 ru
578 407 706 465 enno
733 388 1109 465 Lononurrertsr.
1364 412 1438 495 559²

690 641 710 739 1
734 687 963 779 ucrxx.

595 820 776 912 Duratio
803 814 1024 910 Eberruiai.

161 994 261 1126 Ego
277 988 315 1065 in
330 989 399 1064 Dei
414 986 564 1064 nomine
580 986 813 1063 Eberuuinus
821 1007 885 1083 pro
899 982 1063 1058 remedio
1078 980 1212 1061 animae
1228 1006 1322 1061 meae
1336 981 1435 1061 dono

53 1135 58 1157 ·
240 1092 288 1167 ad
317 1092 479 1166 santium
513 1089 646 1165 Christi
672 1104 876 1183 martyrem
901 1085 1108 1163 Nazarium
1125 1084 1196 1161 &a
1223 1085 1262 1160 in
1290 1086 1434 1161 Graues·

53 1219 54 1262 3
159 1194 244 1269 ircim
258 1218 311 1266 xx
322 1191 457 1287 jurnal.
473 1189 538 1286 &j
557 1191 701 1266 servum
718 1190 1014 1285 Wigcrammnm
1029 1186 1176 1263 nomine
1191 1187 1237 1263 de
1248 1185 1332 1283 jure
1349 1210 1433 1263 meo

53 1358 56 1366 f
159 1292 338 1389 injus&
364 1292 698 1369 dominiumsantli
732 1290 880 1366 Nazarii
903 1314 927 1364 a
950 1290 1010 1364 die
1032 1289 1198 1388 praesenti
1233 1290 1336 1393 trado
1359 1289 1430 1365 &u
1513 1289 1515 1296 ⁸

53 1431 56 1468 r
157 1396 295 1472 Altum
310 1398 348 1471 in
362 1395 581 1470 monasterio
603 1392 816 1468 Laurrsiam
831 1392 900 1468 llll
916 1393 1095 1467 kalendas
1110 1392 1212 1467 Febr.
1221 1392 1430 1473 annoXLV
1459 1412 1512 1479 ao
1538 1391 1609 1470 lan.

157 1498 261 1593 regni
275 1498 414 1572 domini
433 1496 544 1572 nostri
568 1496 696 1572 Karoli
720 1494 819 1589 regis
841 1492 997 1589 gloriosr.
1051 1493 1207 1588 Signum
1230 1494 1427 1584 Eberuini,

157 1601 220 1694 qui
238 1599 334 1674 hanc
349 1599 583 1674 donationem
598 1598 703 1684 fecit,
730 1594 874 1694 fignum
900 1594 1130 1685 Hadeberti‚
1156 1594 1323 1687 Mutolli,
1349 1597 1427 1675 Ek-

155 1700 311 1777 kihardi
364 1701 571 1777 Altuuinus
595 1698 741 1800 scripsit.

394 1982 404 2009 ,
661 1898 909 1991 DCLXXI.

389 2045 571 2139 Doautr'o
599 2046 806 2167 Gumberti
833 2046 887 2145 &⁹
914 2040 1190 2159 Meginhildri.

152 2226 204 2351 ln
228 2214 299 2291 Dei
323 2216 473 2299 nomine
492 2239 563 2312 ego
588 2216 819 2291 Gumbertus
840 2234 907 2311 pro
932 2208 1098 2287 remedio
1122 2210 1258 2288 animae
1284 2212 1427 2308 Meglo-

202 2318 317 2394 hildae
332 2315 499 2413 conjugis
512 2339 607 2393 meae
622 2317 720 2391 dono
736 2317 785 2391 ad
798 2315 959 2390 sanetum
985 2312 1117 2389 Christi
1131 2328 1335 2409 martyrem
1351 2316 1386 2411 N
1388 2340 1428 2391 a·

155 2419 299 2493 zarium
317 2416 388 2493 &o
417 2420 455 2491 in
473 2418 685 2493 Grenasbeim
700 2442 725 2490 v
737 2414 874 2512 jornal.
901 2418 946 2490 de
978 2428 1077 2489 terra
1094 2414 1243 2501 arabili,
1270 2418 1316 2490 ad
1333 2415 1427 2491 inte-

150 2540 261 2617 grum
274 2516 415 2615 dejure
427 2540 512 2592 meo
526 2518 566 2592 in
591 2519 798 2593 dominium
812 2516 920 2592 sanai
941 2516 988 2592 N.
1007 2515 1105 2590 adie
1121 2515 1296 2613 praelenti
1317 2517 1427 2591 trado

149 2636 261 2717 atque
274 2620 494 2695 transfundo
507 2620 548 2695 in
572 2620 641 2695 Dei
655 2620 807 2695 nomine
825 2617 1087 2718 perpetualiter
1107 2617 1155 2691 ad
1176 2615 1425 2715 poffidendum

149 2721 383 2820 stipulatione
409 2722 572 2796 subnixa.
624 2721 763 2797 Altum
796 2721 836 2795 in
861 2718 1079 2794 monasterio
1105 2716 1320 2793 Laureolum
1353 2718 1423 2795 llll

149 2846 235 2897 non.
253 2822 357 2894 Febr.
374 2843 471 2894 anno
492 2822 535 2900 ll,
548 2822 653 2915 regni
673 2821 815 2895 domini
834 2820 943 2894 nostri
968 2818 1162 2895 Ludowioi
1184 2817 1422 2913 gloriosrffimi
1449 2848 1482 2899 a.
1496 2828 1587 2900 retra

148 2919 395 3018 imperatoris.
447 2920 604 3013 Signum
619 2920 815 2995 Gumberti
830 2969 841 3004 ‚
867 2921 930 3013 qui
944 2919 1041 2992 hanc
1063 2918 1300 2994 donationem
1320 2918 1422 3011 fecit,
1626 2928 1629 2936 “

146 3022 290 3119 lignum
314 3017 476 3107 Ratolfi,
496 3019 740 3107 Erkanbaldi‚
765 3018 962 3100 Wollberi.
1014 3016 1207 3096 Altwinus
1225 3018 1370 3120 scripsit

391 3296 394 3299 ,
681 3216 949 3309 DCLXXII.

550 3346 731 3437 Donatio
764 3343 1045 3461 Thrgenbaldr'.
1139 3362 1161 3441 ’.

143 3516 281 3655 Auno
293 3518 329 3594 V
343 3512 507 3611 ejusdem
520 3510 757 3609 gloriosrffrmi
774 3513 1006 3611 imperatoris
1019 3511 1211 3588 Ludowici
1225 3536 1296 3609 ego
1320 3511 1417 3588 The-

233 3618 387 3711 ganbalt
401 3619 500 3692 dono
513 3618 561 3691 ad
576 3615 737 3691 sanatum
753 3614 823 3689 Dei
831 3629 1034 3710 martyrem
1051 3612 1252 3689 Nazarium
1266 3613 1337 3690 &a
1349 3637 1419 3715 pro
1449 3700 1451 3707 ,

144 3717 307 3792 remedio
328 3720 463 3797 animae
477 3716 599 3813 meaej
622 3715 757 3813 juma'l.
779 3716 825 3791 de
850 3729 948 3792 terra
963 3714 1094 3791 mabill
1109 3716 1150 3789 in
1176 3714 1417 3805 Grammion,

141 3830 187 3893 ut
201 3841 224 3892 a
239 3818 298 3891 die
315 3820 490 3915 praesente
503 3821 552 3896 ad
566 3819 682 3919 ipsum
699 3820 822 3893 locum
847 3816 1011 3893 landum
1025 3818 1127 3891 omni
1152 3829 1318 3916 ternpore
1330 3840 1414 3915 pro-
1670 3904 1674 3911 ,

141 3918 244 3998 ficiat
258 3920 553 4017 inaugmentum
566 3921 797 4023 stipulatione
811 3919 976 4002 subnixa
1030 3918 1169 4003 Atrum
1181 3920 1219 4001 in
1233 3917 1417 4037 monaste-

191 4101 193 4104 .
1003 4042 1004 4049 ¹
1306 4042 1364 4099 rro
1511 4024 1516 4043 ⁸
