4000 5417
503 519 577 596 252
673 516 682 533 ·
907 488 1428 573 cenomanensium

155 855 159 862 -
296 804 493 879 *Decrnn
539 799 637 886 dem
654 799 685 860 ’i‘
706 825 874 916 quoque
898 797 1031 887 fidelis
1055 796 1308 916 dispensator
1323 799 1369 886 δι
1387 797 1570 914 prudens
1588 795 1782 888 sustenta·

568 915 673 1001 tioni
710 917 890 1001 fratrum
918 917 961 999 in
986 914 1280 1026 Aldtnmunster
1313 913 1498 998 decimas
1517 915 1560 997 in
1589 913 1782 1007 Rorheim

506 1025 713 1129 contulit,
742 1024 944 1115 &libros
979 1025 1204 1114 moralium
1239 1030 1282 1112 in
1310 1023 1562 1136 Abrinrberg
1587 1030 1780 1142 privatus

508 1138 643 1226 adhuc
661 1137 860 1228 conscribi
877 1139 997 1244 fecit,
1011 1139 1153 1242 ¹homo
1170 1142 1291 1226 mirae
1308 1140 1579 1225 continentiae
1595 1140 1641 1227 dt
1685 1138 1778 1227 lane

508 1256 577 1342 vir
593 1250 773 1355 consilii,
802 1253 832 1340 fi
857 1251 1032 1338 meliora
1055 1249 1269 1342 inveniiiet
1296 1272 1516 1367 tempora,
1545 1256 1619 1365 qui
1667 1251 1779 1341 elato

508 1362 742 1484 apostolicae
769 1360 876 1452 sedis
898 1363 1146 1481 privilegio,
1181 1361 1412 1478 insequenti
1437 1362 1644 1479 depreiius
1669 1366 1780 1452 infir·

509 1482 657 1566 mitate
686 1481 801 1568 viam
827 1480 905 1568 ivit
923 1474 1127 1568 universae
1155 1481 1317 1580 carnis,
1345 1507 1454 1563 armo
1473 1480 1687 1592 regiminis
1713 1475 1777 1590 sui
1817 1531 1821 1535 -

508 1587 698 1789 septimo.
755 1588 954 1707 Sepultus
972 1591 1085 1679 estin
1101 1589 1267 1678 ecclesia
1281 1587 1514 1707 principali,
1544 1586 1691 1706 inipso
1709 1619 1778 1675 oc·

510 1708 549 1788 ci
579 1702 708 1790 entali
728 1706 933 1807 introitu,
962 1707 1006 1789 in
1025 1701 1156 1790 latere
1180 1707 1430 1812 exeuntium
1457 1703 1625 1792 dextro.
1677 1703 1778 1791 Ani-

507 1843 578 1900 ma
592 1817 681 1927 ejus
699 1811 930 1929 requiescat
946 1819 989 1902 in
1005 1843 1124 1934 pace.
1142 1819 1297 1908 Amen.

620 2027 709 2117 Sub
736 2027 860 2141 hujus
888 2029 1023 2147 patris
1049 2052 1240 2152 tempore
1265 2034 1439 2150 quidam
1466 2032 1551 2122 Dei
1576 2029 1778 2135 famulus,

395 2207 399 2212 -
505 2139 760 2230 Adalbertus
775 2148 966 2250 nornine,
996 2175 1054 2234 ex
1071 2145 1178 2233 laico
1196 2146 1450 2234 monachum
1469 2147 1658 2250 induens,
1677 2169 1779 2232 tem·

504 2251 622 2369 plum
649 2254 1078 2363 Laureshammense,
1106 2281 1200 2347 tum
1224 2262 1434 2374 parvitate
1450 2277 1545 2342 tum
1570 2259 1777 2344 vetustate

505 2366 698 2480 dignitati
712 2364 797 2454 suae
815 2372 987 2456 minime
1015 2367 1285 2488 respondem,
1306 2371 1412 2459 Deo
1438 2391 1691 2484 cooperante
1712 2397 1777 2452 re·

504 2482 679 2566 novavit
696 2479 741 2566 δι
758 2488 1050 2595 augmentavit
1068 2546 1080 2586 ,
1109 2484 1184 2587 cr,
1205 2503 1255 2569 ut
1286 2485 1329 2567 in
1358 2478 1672 2598 praesentiarum
1689 2507 1776 2565 cer-

503 2593 638 2690 nitur,
656 2590 906 2697 fornicibus,
936 2595 1162 2700 abfidibus,
1179 2595 1386 2698 fenestris,
1413 2593 1700 2707 laquearibus,
1716 2610 1775 2679 te·

504 2701 585 2794 tto,
599 2701 795 2820 plumbeo
821 2709 1066 2796 venustavit.
1123 2708 1288 2797 Praeter
1317 2707 1409 2794 haec
1428 2709 1558 2794 etiam
1593 2704 1775 2793 fratrum

489 2813 674 2904 ¹utilitati
692 2815 925 2924 consulem,
943 2822 1048 2910 duas
1064 2819 1199 2908 hubas
1214 2849 1313 2908 cum
1331 2849 1429 2906 area
1445 2825 1488 2905 in
1519 2814 1775 2909 Wneuieim

406 3017 409 3026 ,
500 2929 618 3034 sitas,
629 2929 762 3019 multa
778 2937 977 3050 peccunia
993 2937 1047 3022 ab
1074 2933 1312 3022 haeredibus
1329 2950 1628 3048 comparatae,
1658 2935 1776 3018 item·

501 3069 585 3155 que
613 3049 773 3132 curiam
792 3073 890 3132 cum
915 3051 1051 3136 vineis
1074 3049 1118 3132 in
1143 3043 1411 3159 Hephmheim
1436 3049 1450 3131 i
1479 3043 1619 3147 sorum
1644 3042 1774 3132 vidtu-

505 3151 640 3242 alibus
656 3158 837 3270 adjecit,
864 3159 1049 3247 decimas
1067 3161 1197 3244 etiam
1223 3161 1265 3243 in
1298 3156 1364 3248 W
1362 3074 1550 3244 inanitio
1568 3183 1664 3243 cum
1683 3181 1773 3239 mo-

501 3259 667 3354 lendino
686 3269 985 3360 dominicali&
1007 3271 1191 3358 decimas
1208 3272 1251 3356 in
1266 3267 1611 3372 Heatculreslzer'm,
1634 3268 1688 3354 ne
1704 3269 1773 3353 be·

501 3380 821 3488 neficiarentur,
860 3387 912 3472 ab
939 3384 1033 3500 ipfis
1059 3383 1266 3470 hiantium
1292 3382 1486 3477 faucibus,
1507 3384 1607 3469 dato
1635 3380 1772 3498 pretio

500 3494 799 3613 redemptionis
816 3500 1031 3602 extraxit,
1058 3494 1233 3612 aliisque
1252 3495 1535 3612 compluribus
1551 3497 1661 3581 circa
1678 3521 1773 3578 ean-

502 3605 604 3692 dem
629 3606 839 3696 ecclesiam
864 3613 969 3699 bene
997 3613 1161 3701 meritis
1190 3612 1441 3698 memoriam
1479 3614 1521 3698 in
1551 3603 1774 3696 beneditti-

499 3748 580 3808 one
607 3727 854 3838 promeruit.

417 3927 424 3934 ’
467 3945 472 3950 ’
613 3911 702 4024 Per
721 3938 834 4025 idem
858 3956 1027 4054 tempus
1055 3934 1194 4024 Billun
1252 3907 1313 4043 s,
1332 3941 1400 4029 vir
1424 3914 1576 4026 nobilis
1605 3934 1658 4021 de
1674 3929 1772 4023 Lin-

502 4043 679 4156 drnveir,
708 4049 920 4142 ecclefiam
946 4055 990 4139 in'
1006 4049 1103 4142 vico
1133 4050 1186 4140 Cr
1266 4079 1365 4144 cum
1389 4054 1514 4145 vinea
1541 4047 1772 4246 pmpffim'
