4000 5417
549 494 619 583 '42
859 450 864 463 ’
969 474 1156 555 Canon.
1184 497 1245 552 aa
1270 471 1484 555 carm

569 642 1097 669 uun-W
1621 666 1625 673 .
1660 643 1839 660 ι--ι

520 776 526 818 ³
569 786 702 871 tuitus
721 782 777 868 est
792 780 919 867 filiam
935 778 1052 865 luam
1078 778 1152 867 lub
1207 778 1355 865 raefato
1371 808 1498 864 onere
1524 785 1689 868 nutanti
1706 772 1837 896 grellu
1979 791 1980 796 '

568 902 647 985 vix
665 894 883 995 incedere,
909 894 954 981 dr
973 893 1025 977 ad
1044 893 1189 978 condit
1236 920 1281 1001 m
1309 891 1449 979 locum
1467 892 1679 1008 depolita,
1708 924 1837 1008 quam

570 1010 770 1146 gestabat,
789 1004 944 1093 sarcina
962 1002 1086 1091 celeri
1103 1006 1299 1120 repedare
1318 1002 1505 1109 recursu3
1534 1009 1686 1119 quibus
1701 1004 1837 1094 multo
1915 1087 1920 1096 ,
1979 1025 1980 1040 ¹

570 1125 724 1209 intuitu
740 1116 959 1237 perspedlis
987 1120 1217 1234 imperator
1233 1121 1388 1233 partim
1412 1118 1716 1221 admiratione,
1746 1149 1837 1237 par·
1979 1135 1980 1146 ‘

572 1238 651 1323 tim
675 1232 818 1320 dolore
844 1226 1090 1349 permotus,
1127 1259 1211 1315 non
1239 1252 1381 1315 tamen
1405 1232 1563 1343 absque
1589 1232 1732 1319 divina
1755 1233 1837 1320 dis·
1979 1327 1980 1330 p

570 1347 770 1465 politione
789 1346 830 1430 id
846 1344 933 1431 lieri
952 1361 1172 1458 reputant,
1188 1338 1270 1428 sese
1297 1346 1531 1444 continuit,
1560 1342 1605 1429 br
1631 1340 1718 1441 vila
1734 1349 1837 1431 inte·

448 1458 451 1463 ’
571 1464 653 1547 rim
669 1457 824 1545 silentio
842 1456 1064 1574 l'ubprellit.
1113 1455 1279 1543 Interea
1294 1455 1534 1543 Einhardus
1548 1457 1620 1542 fibi
1636 1454 1835 1560 conscius,

571 1594 793 1685 certusque
812 1598 901 1656 rem
925 1566 1038 1655 nullo
1061 1567 1189 1653 modo
1205 1567 1424 1653 dominum
1448 1564 1568 1655 suum
1596 1586 1737 1683 regem
1762 1571 1835 1657 diu

569 1684 699 1777 latere
715 1681 842 1801 polle,
860 1682 1029 1769 tandem
1043 1683 1151 1767 inter
1169 1681 1373 1795 angustias
1396 1705 1563 1798 reperto
1579 1679 1742 1769 confilio
1758 1686 1834 1768 im·

601 1821 806 1883 oratorem
823 1794 1088 1911 aggreditur,
1116 1791 1241 1881 llexis
1264 1796 1438 1907 genibus
1454 1795 1681 1881 militonem
1701 1796 1833 1911 postu·

567 1826 684 2015 lim,
714 1908 886 2021 afferens
905 1930 969 1994 tot
986 1907 1179 1995 &tantis
1202 1902 1382 1993 servitiis
1410 1902 1493 1993 luis
1517 1909 1720 2022 condigna
1748 1939 1832 1995 non

568 2024 737 2139 rependi
745 2025 930 2139 praemia.
947 2021 1030 2109 His
1039 2019 1191 2106 auditis
1200 2048 1279 2105 rex
1287 2020 1534 2107 dilstmulato
1549 2024 1610 2111 rei
1625 2023 1832 2109 &eventu

447 2136 456 2201 -“
567 2136 613 2224 ὃ(
631 2138 751 2223 exitu
768 2136 839 2221 diu
866 2136 1097 2231 conticuit3
1125 2130 1274 2217 dehinc
1299 2161 1398 2219 eum
1424 2133 1673 2235 certificans,
1702 2132 1743 2219 se
1760 2164 1831 2249 po·

567 2247 775 2336 stulationi
792 2250 882 2358 ejus
927 2248 1147 2333 uantocius
1163 2242 1463 2359 responsurum,
1479 2245 1590 2329 diem
1607 2247 1830 2350 constituit,

566 2362 786 2483 statimque
812 2274 1091 2462 ronldiarios,
1116 2359 1276 2473 primos
1306 2387 1359 2443 ue
1381 2354 1442 2444 sui
1466 2359 1611 2470 regni,
1636 2356 1681 2443 dr
1705 2381 1830 2471 caetef

566 2489 638 2559 tos
663 2476 853 2585 qdosque
870 2471 941 2558 fibi
966 2469 1190 2556 familiares
1215 2386 1356 2586 palllm
1380 2493 1577 2557 evocatos
1604 2472 1830 2556 convenire

563 2585 684 2697 juffit.
741 2583 1004 2699 Congregata
1022 2587 1163 2698 itaque
1187 2582 1403 2697 magnilica
1425 2577 1682 2668 diversarum
1698 2582 1830 2698 digni·

566 2720 707 2785 tatum
734 2696 986 2811 frequentia,
1005 2700 1065 2783 ita
1089 2692 1263 2784 exorsus
1287 2694 1370 2779 est:
1399 2696 1460 2778 im
1511 2702 1741 2799 ratoriam,
1771 2700 1830 2782 in·

567 2812 744 2923 quiens,
771 2812 1027 2921 majestatem
1042 2812 1168 2896 nimis
1185 2809 1421 2920 injuriatam
1438 2836 1462 2891 e
1491 2837 1516 2893 e
1532 2808 1579 2896 ὃ(
1597 2805 1828 2927 delpedlam

565 2926 610 3009 in
627 2923 794 3039 indigna
809 2919 895 3011 suae
912 2922 1028 3029 filiae,
1056 2925 1292 3035 notariique
1307 2914 1370 3006 sui
1384 2917 1668 3036 copulatione,
1694 2924 1739 3012 dr
1755 2953 1829 3011 ex·

565 3036 662 3123 inde
679 3066 761 3121 non
779 3039 979 3125 mediocri
1003 3033 1085 3125 sese
1114 3037 1262 3151 agitari
1279 3035 1602 3148 perturbatione.
1659 3035 1828 3145 Quibus

564 3150 695 3233 nimio
711 3150 872 3265 stupore
889 3148 1083 3267 percullis
1102 3212 1112 3253 ‚
1142 3150 1187 3236 br
1206 3147 1258 3233 de
1274 3149 1336 3231 rei
1352 3149 1538 3234 novitate
1555 3174 1604 3231 ac
1620 3152 1827 3260 magnitu:

565 3261 661 3349 dine
677 3262 926 3375 quibusdam
955 3264 1089 3350 adhuc
1114 3261 1441 3374 ambigentibus,
1462 3288 1540 3346 rex
1556 3262 1737 3346 innotuit
1762 3265 1827 3347 eis

565 3374 829 3479 evidentior,
858 3377 1041 3462 referens
1058 3377 1120 3461 eis
1136 3404 1161 3459 a
1177 3373 1408 3488 primordio
1426 3421 1449 3476 ,·
1466 3372 1566 3486 quid
1579 3400 1652 3488 per
1677 3367 1827 3464 ¹semet·

566 3490 583 3511 “
610 3484 699 3571 lum
717 3486 880 3574 oculata
896 3490 974 3575 bde
991 3489 1264 3603 cognoverit,
1290 3483 1501 3573 confilium
1532 3514 1584 3572 ue
1606 3513 1751 3572 eorum
1775 3514 1825 3571 ac

564 3514 810 3687 AEntentiam
837 3596 883 3688 lu
913 3630 958 3689 er
984 3600 1064 3688 hoc
1090 3596 1369 3715 expostulans.
1426 3601 1488 3687 Ar
1502 3514 1562 3684 llli
1582 3601 1687 3686 inter
1701 3596 1741 3685 le
1768 3598 1828 3685 di·

567 3713 671 3799 verfi
690 3710 849 3809 diversa
864 3630 1085 3802 ldntientes
1101 3717 1143 3800 in
1159 3706 1504 3829 praelumptorem
1529 3712 1651 3823 liujus
1669 3702 1731 3798 rei
1755 3713 1828 3799 du·

565 3850 635 3911 ras
653 3824 697 3911 ἃ
722 3829 861 3915 varias
884 3826 1035 3912 dedere
1052 3824 1304 3927 sententias,
1332 3821 1423 3909 aliis
1439 3822 1520 3908 line
1538 3822 1739 3941 exemplo
1756 3854 1826 3942 pu·

456 4036 460 4044 ¹
563 3939 790 4042 niendum,
820 3937 910 4024 aliis
938 3937 1069 4027 exilio
1104 3934 1442 4054 dampnandum,
1477 3932 1569 4021 aliis
1587 3936 1671 4023 alio
1699 3938 1826 4022 modo

546 4144 552 4169 ,Ν
563 4046 893 4167 disperdendum,
906 4073 955 4141 ut
972 4054 1122 4167 cuique
1139 4055 1320 4169 impetus
1336 4072 1426 4139 erat
1444 4110 1456 4156 ,
1484 4048 1824 4253 adjudiclapntibua

640 4208 645 4217 ·
1149 4203 1156 4225 2
1673 4189 1771 4249 otro
