4000 5417
333 477 350 504 ’·
506 488 583 563 ³10
849 473 855 480 ·
956 453 1311 536 mammonas

508 766 755 870 mennaei
770 765 1116 878 naturalitate
1131 746 1782 869 otnaffaduehiusnmoa·
1839 779 1842 788 ’

384 897 479 975 a}
508 853 597 975 ’,ᾗῇ
613 853 1257 979 ¹¹¹Efffimvjjurnalesrlffliaiss
1276 854 1534 970 ἶωῃοεῑῧφ
1549 861 1782 968 &Xineamj
1817 919 1822 927 '

508 970 551 1048 in
572 964 774 1045 Dinoniaim
789 983 799 1059 ,
813 965 872 1047 a·
885 959 1128 1046 medietatem¹
1142 973 1143 976 ‘
1157 969 1202 1045 de
1224 962 1396 1044 omnibus
1421 967 1557 1059 rebus,
1585 993 1677 1067 quas
1701 975 1783 1050 Fri·

341 1167 344 1170 ,
510 1073 634 1148 ducho
650 1071 747 1148 visus
761 1071 832 1148 fuit
846 1073 1007 1160 habere,
1034 1095 1058 1146 a
1073 1072 1132 1146 die
1147 1071 1319 1170 praesente
1342 1068 1524 1146 tradimus
1537 1084 1648 1169 atque
1663 1086 1783 1150 maus

509 1173 703 1250 fundimus
716 1173 755 1248 in
779 1173 849 1250 Dei
864 1174 1014 1250 nomine
1025 1172 1285 1274 perpetualiter
1299 1172 1347 1249 ad
1357 1171 1617 1272 poffidenoum.
1644 1173 1782 1256 Anum

510 1275 781 1356 inmonasterio
805 1275 1051 1355 Lauresham.
1353 1317 1356 1320 ·

1067 1474 1201 1568 CCX.

506 1607 690 1731 ,Donatio
706 1611 927 1726 Rantwigi
945 1608 988 1700 io
1015 1607 1306 1727 Haralsesheim
1333 1638 1436 1702 anno
1452 1611 1556 1709 XII
1576 1613 1695 1726 regni
1712 1612 1780 1704 do·

619 1726 718 1814 mini
733 1725 856 1838 nostri
882 1724 1031 1814 Karoli
1044 1724 1213 1839 magni,
1239 1727 1495 1818 &sauciando
1515 1727 1667 1815 abbate.
1691 1753 1693 1759 ·

352 1951 361 1971 .
414 1897 421 1906 '
447 1951 457 1977 .
508 1901 560 2031 lo
583 1890 716 1968 Christi
738 1891 888 1966 nomine
910 1888 975 1967 sub
989 1889 1050 1968 die
1069 1891 1140 1972 VII
1170 1892 1254 1970 idus
1281 1892 1462 1972 Novemb.
1485 1893 1568 1992 Ego
1583 1891 1783 1972 Rantwiuo

560 1993 657 2069 dono
672 1994 712 2068 in
724 1991 960 2068 elemosinam
975 1995 1227 2091 Berengrimi,
1243 1996 1345 2093 quod
1360 1997 1432 2096 ipse
1447 1995 1542 2072 mihi
1557 1995 1719 2088 tradidit,
1734 1993 1783 2072 ad

510 2095 675 2174 faunum
689 2095 735 2171 N.
749 2108 955 2190 martyrem
969 2096 1035 2193 qui
1049 2095 1244 2196 requiescit
1269 2097 1308 2172 in
1322 2121 1472 2198 corpore
1489 2100 1528 2175 in
1544 2096 1782 2187 monasterio,

509 2199 611 2297 quod
626 2209 780 2275 vocatur
804 2196 1057 2286 Lauresham,
1071 2199 1110 2275 in
1121 2223 1214 2298 pago
1230 2197 1366 2316 Rinafi
1381 2254 1392 2288 ,
1419 2199 1490 2274 hoo
1504 2199 1577 2288 est,
1605 2198 1783 2298 quidquid

509 2300 702 2400 praediatus
727 2299 924 2395 Berogrirn
944 2298 1081 2377 habere
1115 2301 1213 2376 viius
1235 2299 1307 2374 fuit
1327 2321 1366 2374 m
1391 2299 1663 2395 Herulfeshaim‚
1700 2313 1782 2375 tam

509 2399 671 2489 mansas,
697 2400 856 2498 campis,
882 2399 1017 2490 terris,
1037 2403 1179 2500 pratis,
1205 2398 1364 2500 pascuis,
1392 2400 1546 2498 perviis,
1571 2399 1695 2486 silvis,
1721 2399 1779 2474 vi·

509 2505 607 2591 neis,
632 2502 822 2589 domibus,
848 2500 1031 2590 adificiis,
1057 2503 1210 2589 accolis,
1238 2502 1452 2588 accolabus,
1468 2499 1683 2598 mancipiis,
1700 2521 1780 2575 om-

508 2605 573 2680 nia
586 2603 625 2682 &
638 2629 686 2679 ex
707 2604 877 2682 omnibus
894 2657 904 2691 ,
930 2616 1052 2680 toton
1067 2603 1168 2680 &ad
1194 2604 1380 2697 integrum
1395 2626 1419 2677 a
1434 2603 1493 2677 die
1514 2601 1690 2701 praesente
1706 2612 1781 2678 tra·

507 2706 557 2782 do
572 2720 682 2804 atque
707 2704 923 2782 transfundo
938 2706 978 2781 in
1003 2705 1072 2780 Dei
1087 2704 1235 2780 nomine
1252 2703 1511 2803 perpetualiter
1536 2703 1584 2779 ad
1605 2703 1780 2802 poffiden·

507 2810 625 2898 dum,
650 2803 693 2887 ὅ
707 2810 982 2906 reliquamque:
1008 2806 1089 2883 auri
1109 2802 1290 2900 unciasjj,
1317 2805 1461 2902 argenti
1483 2806 1645 2904 pondera
1657 2802 1711 2900 jjjj
1734 2803 1783 2880 ad

505 2907 1129 3110 tametiffitatiivio
1143 2905 1604 3088 ,tietantia
1627 2907 1784 3086 ertit

627 3081 632 3089 .
1027 3061 1038 3098 2
1599 3060 1608 3083 ι

507 3111 658 3213 scripfit.

717 3243 723 3247 ·
1083 3209 1237 3302 CCXI.

358 3320 366 3335 ⁶
507 3343 689 3443 Donatio
724 3344 974 3461 Hagimaodi
1003 3343 1045 3433 io
1074 3341 1364 3459 Herulsaslreim
1401 3371 1503 3430 anno
1527 3339 1698 3434 XXXI
1715 3337 1780 3426 do·

542 3493 546 3500 ·
627 3457 724 3547 mini
739 3460 862 3572 nostri
876 3459 1025 3550 Karoli
1041 3458 1180 3572 magni
1198 3520 1209 3562 ,
1240 3455 1488 3552 Richbodoae
1505 3457 1656 3543 abbata.

238 3675 243 3682 -
314 3646 369 3717 13.
381 3632 488 3705 aaa
508 3633 559 3763 ln
576 3623 710 3702 Christi
731 3625 882 3700 nornine
909 3624 975 3700 sub
997 3624 1056 3700 die
1070 3625 1122 3701 III
1137 3625 1221 3700 idus
1248 3623 1399 3712 Martii,
1423 3647 1494 3720 ego
1515 3617 1782 3720 Hugtmundos

454 3761 458 3766 ¹
559 3751 625 3826 pro
639 3727 801 3804 remedio
811 3728 947 3802 animae
964 3748 1059 3802 meae
1074 3728 1172 3816 dono
1186 3727 1235 3804 ad
1255 3726 1416 3801 sanetum
1432 3725 1703 3802 Nazariuunma
1765 3763 1781 3779 ·

396 3852 400 3859 ·
507 3849 588 3904 rem
605 3830 694 3918 Dei,
722 3829 785 3926 qui
802 3826 996 3925 requiescit
1011 3829 1050 3902 in
1069 3851 1219 3927 corpore
1239 3828 1278 3903 in
1293 3850 1389 3925 pago
1414 3825 1575 3916 Rinensr,
1590 3827 1628 3900 in
1654 3846 1782 3899 mona·

507 3928 638 4019 sterio,
664 3929 764 4028 quod
780 3944 937 4008 vocatur
961 3929 1213 4018 Lauresham,
1238 3929 1310 4005 hoc
1325 3928 1395 4016 est,
1420 3948 1500 4006 rem
1514 3951 1639 4004 meam
1654 3927 1691 4001 in
1713 3925 1781 3998 Ha·

508 4031 701 4126 rulsesiteim
716 4031 757 4112 &
772 4033 814 4112 in
836 4031 971 4110 marim
984 4027 1026 4132 jjj
1051 4030 1198 4113 mansos
1212 4029 1251 4110 &
1277 4055 1330 4108 Lx
1341 4027 1479 4128 jumal.
1501 4031 1548 4122 de
1569 4043 1666 4108 terra
1679 4127 1687 4141 ⁸
1699 4047 1782 4103 ara·

1615 4141 1726 4213 tuna»

318 4093 394 4150 ἣν
