<?xml version="1.0" encoding="UTF-8"?>
<!DOCTYPE html PUBLIC "-//W3C//DTD XHTML 1.0 Transitional//EN"
    "http://www.w3.org/TR/xhtml1/DTD/xhtml1-transitional.dtd">
<html xmlns="http://www.w3.org/1999/xhtml" xml:lang="en" lang="en">
 <head>
  <title>
</title>
<meta http-equiv="Content-Type" content="text/html;charset=utf-8" />
  <meta name='ocr-system' content='tesseract 3.04.00' />
  <meta name='ocr-capabilities' content='ocr_page ocr_carea ocr_par ocr_line ocrx_word'/>
</head>
<body>
  <div class='ocr_page' id='page_1' title='image "./codexprincipiso00egyegoog_0310.png"; bbox 0 0 4000 5417; ppageno 0'>
   <div class='ocr_carea' id='block_1_1' title="bbox 867 382 1386 466">
    <p class='ocr_par' dir='ltr' id='par_1_1' title="bbox 867 382 1386 466">
     <span class='ocr_line' id='line_1_1' title="bbox 867 382 1386 466; baseline -0.004 0"><span class='ocrx_word' id='word_1_1' title='bbox 867 383 1053 466; x_wconf 80' lang='lat' dir='ltr'>Canon.</span> <span class='ocrx_word' id='word_1_2' title='bbox 1080 405 1142 464; x_wconf 84' lang='lat' dir='ltr'>nr</span> <span class='ocrx_word' id='word_1_3' title='bbox 1168 382 1386 466; x_wconf 75' lang='lat' dir='ltr'>Caum</span> 
     </span>
    </p>
   </div>
   <div class='ocr_carea' id='block_1_2' title="bbox 1215 557 1774 636">
    <p class='ocr_par' dir='ltr' id='par_1_2' title="bbox 1215 557 1774 636">
     <span class='ocr_line' id='line_1_2' title="bbox 1597 557 1774 586; baseline 0 -8"><span class='ocrx_word' id='word_1_4' title='bbox 1597 557 1774 586; x_wconf 46' lang='lat' dir='ltr'>m</span> 
     </span>
     <span class='ocr_line' id='line_1_3' title="bbox 1215 602 1774 636; baseline 0.004 -2"><span class='ocrx_word' id='word_1_5' title='bbox 1215 602 1774 636; x_wconf 49' lang='lat' dir='ltr'>-ss--1--n</span> 
     </span>
    </p>
   </div>
   <div class='ocr_carea' id='block_1_3' title="bbox 375 651 1716 815">
    <p class='ocr_par' dir='ltr' id='par_1_3' title="bbox 375 651 1716 815">
     <span class='ocr_line' id='line_1_4' title="bbox 375 651 1716 815; baseline 0.023 -59"><span class='ocrx_word' id='word_1_6' title='bbox 375 744 382 756; x_wconf 87' lang='lat'><strong>.</strong></span> <span class='ocrx_word' id='word_1_7' title='bbox 472 651 480 669; x_wconf 60' lang='grc'><strong><em>’</em></strong></span> <span class='ocrx_word' id='word_1_8' title='bbox 555 685 622 780; x_wconf 82' lang='lat' dir='ltr'>De</span> <span class='ocrx_word' id='word_1_9' title='bbox 637 687 722 815; x_wconf 79' lang='lat' dir='ltr'>fine</span> <span class='ocrx_word' id='word_1_10' title='bbox 749 685 858 775; x_wconf 81' lang='lat' dir='ltr'>vitae</span> <span class='ocrx_word' id='word_1_11' title='bbox 874 683 927 785; x_wconf 60' lang='grc' dir='ltr'>ὅ</span> <span class='ocrx_word' id='word_1_12' title='bbox 954 687 1177 799; x_wconf 63' lang='lat' dir='ltr'>testamento</span> <span class='ocrx_word' id='word_1_13' title='bbox 1205 687 1321 803; x_wconf 77' lang='lat' dir='ltr'>ipfius</span> <span class='ocrx_word' id='word_1_14' title='bbox 1344 687 1531 780; x_wconf 79' lang='lat' dir='ltr'>Heinricl</span> <span class='ocrx_word' id='word_1_15' title='bbox 1547 695 1716 787; x_wconf 82' lang='lat' dir='ltr'>abbatis.</span> 
     </span>
    </p>
   </div>
   <div class='ocr_carea' id='block_1_4' title="bbox 370 849 1882 3890">
    <p class='ocr_par' dir='ltr' id='par_1_4' title="bbox 370 849 1882 3890">
     <span class='ocr_line' id='line_1_5' title="bbox 585 849 1773 970; baseline 0.01 -32"><span class='ocrx_word' id='word_1_16' title='bbox 585 859 640 938; x_wconf 74' lang='lat' dir='ltr'>t*</span> <span class='ocrx_word' id='word_1_17' title='bbox 660 871 804 938; x_wconf 85' lang='lat' dir='ltr'>autem</span> <span class='ocrx_word' id='word_1_18' title='bbox 824 849 947 962; x_wconf 89' lang='lat' dir='ltr'>hujus</span> <span class='ocrx_word' id='word_1_19' title='bbox 1003 856 1290 969; x_wconf 75' lang='lat' dir='ltr'>raememorati</span> <span class='ocrx_word' id='word_1_20' title='bbox 1316 857 1476 970; x_wconf 88' lang='lat' dir='ltr'>patris,</span> <span class='ocrx_word' id='word_1_21' title='bbox 1505 853 1552 945; x_wconf 75' lang='grc' dir='ltr'>δι</span> <span class='ocrx_word' id='word_1_22' title='bbox 1569 865 1773 950; x_wconf 87' lang='lat' dir='ltr'>memoria</span> 
     </span>
     <span class='ocr_line' id='line_1_6' title="bbox 612 963 1773 1100; baseline 0.013 -52"><span class='ocrx_word' id='word_1_23' title='bbox 612 963 726 1078; x_wconf 84' lang='lat' dir='ltr'>digni</span> <span class='ocrx_word' id='word_1_24' title='bbox 752 965 915 1052; x_wconf 87' lang='lat' dir='ltr'>abbatis</span> <span class='ocrx_word' id='word_1_25' title='bbox 986 967 1131 1050; x_wconf 87' lang='lat' dir='ltr'>einrici</span> <span class='ocrx_word' id='word_1_26' title='bbox 1178 967 1347 1054; x_wconf 86' lang='lat' dir='ltr'>uaedam</span> <span class='ocrx_word' id='word_1_27' title='bbox 1374 971 1506 1100; x_wconf 78' lang='lat' dir='ltr'>probe</span> <span class='ocrx_word' id='word_1_28' title='bbox 1524 969 1633 1060; x_wconf 64' lang='lat' dir='ltr'>faita</span> <span class='ocrx_word' id='word_1_29' title='bbox 1650 975 1695 1062; x_wconf 70' lang='grc' dir='ltr'>ὅ(</span> <span class='ocrx_word' id='word_1_30' title='bbox 1710 978 1773 1086; x_wconf 85' lang='lat' dir='ltr'>ju·</span> 
     </span>
     <span class='ocr_line' id='line_1_7' title="bbox 502 993 1774 1198; baseline 0.009 -38"><span class='ocrx_word' id='word_1_31' title='bbox 502 1079 567 1193; x_wconf 83' lang='lat' dir='ltr'>gis</span> <span class='ocrx_word' id='word_1_32' title='bbox 584 1076 774 1163; x_wconf 84' lang='lat' dir='ltr'>instantia</span> <span class='ocrx_word' id='word_1_33' title='bbox 790 1079 899 1164; x_wconf 88' lang='lat' dir='ltr'>circa</span> <span class='ocrx_word' id='word_1_34' title='bbox 912 1077 1124 1163; x_wconf 77' lang='lat' dir='ltr'>eeclesiam</span> <span class='ocrx_word' id='word_1_35' title='bbox 1140 993 1213 1166; x_wconf 73' lang='lat' dir='ltr'>(lbi</span> <span class='ocrx_word' id='word_1_36' title='bbox 1231 1077 1488 1166; x_wconf 79' lang='lat' dir='ltr'>commillam</span> <span class='ocrx_word' id='word_1_37' title='bbox 1505 1085 1677 1198; x_wconf 89' lang='lat' dir='ltr'><strong>posteris</strong></span> <span class='ocrx_word' id='word_1_38' title='bbox 1695 1083 1774 1172; x_wconf 88' lang='lat' dir='ltr'>cla·</span> 
     </span>
     <span class='ocr_line' id='line_1_8' title="bbox 503 1185 1774 1316; baseline 0.006 -38"><span class='ocrx_word' id='word_1_39' title='bbox 503 1193 591 1278; x_wconf 89' lang='lat' dir='ltr'>rius</span> <span class='ocrx_word' id='word_1_40' title='bbox 607 1185 862 1303; x_wconf 81' lang='lat' dir='ltr'>liquescant,</span> <span class='ocrx_word' id='word_1_41' title='bbox 883 1190 943 1276; x_wconf 84' lang='lat' dir='ltr'>ad</span> <span class='ocrx_word' id='word_1_42' title='bbox 961 1191 1208 1278; x_wconf 86' lang='lat' dir='ltr'>imitationis</span> <span class='ocrx_word' id='word_1_43' title='bbox 1227 1187 1470 1308; x_wconf 89' lang='lat' dir='ltr'>exemplum</span> <span class='ocrx_word' id='word_1_44' title='bbox 1487 1224 1664 1310; x_wconf 86' lang='lat' dir='ltr'><strong>paucae</strong></span> <span class='ocrx_word' id='word_1_45' title='bbox 1686 1198 1774 1316; x_wconf 90' lang='lat' dir='ltr'>plu·</span> 
     </span>
     <span class='ocr_line' id='line_1_9' title="bbox 501 1303 1773 1418; baseline 0.004 -24"><span class='ocrx_word' id='word_1_46' title='bbox 501 1305 621 1394; x_wconf 82' lang='lat' dir='ltr'>rimis</span> <span class='ocrx_word' id='word_1_47' title='bbox 693 1303 980 1418; x_wconf 84' lang='lat' dir='ltr'>rl’rringamus,</span> <span class='ocrx_word' id='word_1_48' title='bbox 1009 1305 1198 1389; x_wconf 84' lang='lat' dir='ltr'>maxime</span> <span class='ocrx_word' id='word_1_49' title='bbox 1214 1303 1300 1407; x_wconf 86' lang='lat' dir='ltr'>his,</span> <span class='ocrx_word' id='word_1_50' title='bbox 1328 1332 1426 1418; x_wconf 85' lang='lat' dir='ltr'>quae</span> <span class='ocrx_word' id='word_1_51' title='bbox 1442 1309 1552 1394; x_wconf 86' lang='lat' dir='ltr'>circa</span> <span class='ocrx_word' id='word_1_52' title='bbox 1566 1309 1695 1396; x_wconf 86' lang='lat' dir='ltr'>finem</span> <span class='ocrx_word' id='word_1_53' title='bbox 1712 1313 1773 1399; x_wconf 88' lang='lat' dir='ltr'>vi·</span> 
     </span>
     <span class='ocr_line' id='line_1_10' title="bbox 500 1414 1775 1537; baseline 0.003 -32"><span class='ocrx_word' id='word_1_54' title='bbox 500 1437 607 1530; x_wconf 84' lang='lat' dir='ltr'>taeg</span> <span class='ocrx_word' id='word_1_55' title='bbox 660 1435 694 1502; x_wconf 86' lang='lat' dir='ltr'>rt</span> <span class='ocrx_word' id='word_1_56' title='bbox 720 1415 773 1499; x_wconf 88' lang='lat' dir='ltr'>ad</span> <span class='ocrx_word' id='word_1_57' title='bbox 798 1415 986 1503; x_wconf 88' lang='lat' dir='ltr'>medium</span> <span class='ocrx_word' id='word_1_58' title='bbox 1012 1414 1213 1504; x_wconf 71' lang='lat' dir='ltr'>dedutlis.</span> <span class='ocrx_word' id='word_1_59' title='bbox 1270 1415 1381 1506; x_wconf 89' lang='lat' dir='ltr'>Cum</span> <span class='ocrx_word' id='word_1_60' title='bbox 1405 1422 1518 1506; x_wconf 84' lang='lat' dir='ltr'>enim</span> <span class='ocrx_word' id='word_1_61' title='bbox 1541 1425 1658 1537; x_wconf 88' lang='lat' dir='ltr'>prius</span> <span class='ocrx_word' id='word_1_62' title='bbox 1694 1421 1775 1509; x_wconf 86' lang='lat' dir='ltr'>cel·</span> 
     </span>
     <span class='ocr_line' id='line_1_11' title="bbox 502 1505 1773 1645; baseline 0.003 -29"><span class='ocrx_word' id='word_1_63' title='bbox 502 1526 590 1616; x_wconf 87' lang='lat' dir='ltr'>lam</span> <span class='ocrx_word' id='word_1_64' title='bbox 605 1525 856 1639; x_wconf 80' lang='lat' dir='ltr'>Niwenburg</span> <span class='ocrx_word' id='word_1_65' title='bbox 870 1505 1057 1615; x_wconf 66' lang='lat' dir='ltr'>aediliciis</span> <span class='ocrx_word' id='word_1_66' title='bbox 1074 1527 1120 1616; x_wconf 71' lang='grc' dir='ltr'>ὃ(</span> <span class='ocrx_word' id='word_1_67' title='bbox 1165 1527 1559 1645; x_wconf 87' lang='lat' dir='ltr'>raediisampliallet,</span> <span class='ocrx_word' id='word_1_68' title='bbox 1578 1537 1682 1621; x_wconf 91' lang='lat' dir='ltr'>item</span> <span class='ocrx_word' id='word_1_69' title='bbox 1690 1534 1773 1624; x_wconf 88' lang='lat' dir='ltr'>Ab·</span> 
     </span>
     <span class='ocr_line' id='line_1_12' title="bbox 502 1556 1774 1762; baseline 0.001 -30"><span class='ocrx_word' id='word_1_70' title='bbox 502 1640 718 1752; x_wconf 61' lang='lat' dir='ltr'>morlog,</span> <span class='ocrx_word' id='word_1_71' title='bbox 748 1636 917 1755; x_wconf 84' lang='lat' dir='ltr'>capellae</span> <span class='ocrx_word' id='word_1_72' title='bbox 951 1556 1229 1746; x_wconf 56' lang='lat' dir='ltr'>Michlinlat,</span> <span class='ocrx_word' id='word_1_73' title='bbox 1257 1641 1579 1756; x_wconf 81' lang='lat' dir='ltr'>Aldeumunsser‚</span> <span class='ocrx_word' id='word_1_74' title='bbox 1604 1645 1774 1762; x_wconf 84' lang='lat' dir='ltr'>pollelli·</span> 
     </span>
     <span class='ocr_line' id='line_1_13' title="bbox 505 1746 1775 1872; baseline 0.006 -33"><span class='ocrx_word' id='word_1_75' title='bbox 505 1779 650 1853; x_wconf 89' lang='lat' dir='ltr'>ones,</span> <span class='ocrx_word' id='word_1_76' title='bbox 725 1780 794 1838; x_wconf 87' lang='lat' dir='ltr'>uae</span> <span class='ocrx_word' id='word_1_77' title='bbox 829 1779 856 1836; x_wconf 88' lang='lat' dir='ltr'>a</span> <span class='ocrx_word' id='word_1_78' title='bbox 902 1746 1182 1867; x_wconf 86' lang='lat' dir='ltr'>superioribus</span> <span class='ocrx_word' id='word_1_79' title='bbox 1240 1755 1443 1871; x_wconf 86' lang='lat' dir='ltr'>raeposrtis</span> <span class='ocrx_word' id='word_1_80' title='bbox 1468 1755 1537 1846; x_wconf 89' lang='lat' dir='ltr'>vel</span> <span class='ocrx_word' id='word_1_81' title='bbox 1574 1755 1775 1872; x_wconf 70' lang='lat' dir='ltr'>negletlae</span> 
     </span>
     <span class='ocr_line' id='line_1_14' title="bbox 504 1776 1774 1994; baseline 0.002 -40"><span class='ocrx_word' id='word_1_82' title='bbox 504 1862 575 1954; x_wconf 90' lang='lat' dir='ltr'>vel</span> <span class='ocrx_word' id='word_1_83' title='bbox 617 1776 786 1949; x_wconf 71' lang='lat' dir='ltr'>incultae</span> <span class='ocrx_word' id='word_1_84' title='bbox 806 1859 893 1994; x_wconf 34' lang='lat' dir='ltr'>‚vel</span> <span class='ocrx_word' id='word_1_85' title='bbox 927 1868 1048 1980; x_wconf 87' lang='lat' dir='ltr'>gravi</span> <span class='ocrx_word' id='word_1_86' title='bbox 1073 1895 1160 1952; x_wconf 88' lang='lat' dir='ltr'>aere</span> <span class='ocrx_word' id='word_1_87' title='bbox 1187 1782 1324 1955; x_wconf 78' lang='lat' dir='ltr'>alieno</span> <span class='ocrx_word' id='word_1_88' title='bbox 1361 1867 1569 1984; x_wconf 82' lang='lat' dir='ltr'>obprellae·</span> <span class='ocrx_word' id='word_1_89' title='bbox 1586 1869 1774 1974; x_wconf 83' lang='lat' dir='ltr'>firerant,</span> 
     </span>
     <span class='ocr_line' id='line_1_15' title="bbox 505 1970 1775 2094; baseline 0.009 -31"><span class='ocrx_word' id='word_1_90' title='bbox 505 1970 691 2064; x_wconf 81' lang='lat' dir='ltr'>absolute</span> <span class='ocrx_word' id='word_1_91' title='bbox 725 1973 985 2082; x_wconf 74' lang='lat' dir='ltr'>restrtu&#39;tllet,</span> <span class='ocrx_word' id='word_1_92' title='bbox 1040 2005 1221 2094; x_wconf 87' lang='lat' dir='ltr'>cumque</span> <span class='ocrx_word' id='word_1_93' title='bbox 1250 1982 1293 2067; x_wconf 92' lang='lat' dir='ltr'>in</span> <span class='ocrx_word' id='word_1_94' title='bbox 1320 1977 1373 2070; x_wconf 78' lang='lat' dir='ltr'>Si</span> <span class='ocrx_word' id='word_1_95' title='bbox 1430 1979 1659 2071; x_wconf 70' lang='lat' dir='ltr'>onheim&amp;</span> <span class='ocrx_word' id='word_1_96' title='bbox 1682 1980 1775 2074; x_wconf 78' lang='lat' dir='ltr'>Wi-</span> 
     </span>
     <span class='ocr_line' id='line_1_16' title="bbox 502 2084 1776 2198; baseline 0 -18"><span class='ocrx_word' id='word_1_97' title='bbox 502 2084 678 2180; x_wconf 79' lang='lat' dir='ltr'>mnlreim</span> <span class='ocrx_word' id='word_1_98' title='bbox 705 2087 836 2175; x_wconf 86' lang='lat' dir='ltr'>castro</span> <span class='ocrx_word' id='word_1_99' title='bbox 872 2087 919 2176; x_wconf 70' lang='grc' dir='ltr'>ἃ</span> <span class='ocrx_word' id='word_1_100' title='bbox 936 2085 1047 2198; x_wconf 67' lang='lat' dir='ltr'>,villa</span> <span class='ocrx_word' id='word_1_101' title='bbox 1082 2120 1167 2178; x_wconf 93' lang='lat' dir='ltr'>non</span> <span class='ocrx_word' id='word_1_102' title='bbox 1214 2095 1368 2182; x_wconf 90' lang='lat' dir='ltr'>invenu</span> <span class='ocrx_word' id='word_1_103' title='bbox 1401 2123 1427 2177; x_wconf 93' lang='lat' dir='ltr'>a</span> <span class='ocrx_word' id='word_1_104' title='bbox 1449 2093 1623 2182; x_wconf 84' lang='lat' dir='ltr'>aedilicia</span> <span class='ocrx_word' id='word_1_105' title='bbox 1653 2094 1776 2184; x_wconf 88' lang='lat' dir='ltr'>fabri·</span> 
     </span>
     <span class='ocr_line' id='line_1_17' title="bbox 504 2197 1776 2319; baseline 0.005 -33"><span class='ocrx_word' id='word_1_106' title='bbox 504 2197 656 2303; x_wconf 77' lang='lat' dir='ltr'>callet,</span> <span class='ocrx_word' id='word_1_107' title='bbox 680 2199 739 2288; x_wconf 87' lang='lat' dir='ltr'>ad</span> <span class='ocrx_word' id='word_1_108' title='bbox 759 2221 1007 2289; x_wconf 87' lang='lat' dir='ltr'>extremum</span> <span class='ocrx_word' id='word_1_109' title='bbox 1023 2207 1313 2319; x_wconf 86' lang='lat' dir='ltr'>pavimentum</span> <span class='ocrx_word' id='word_1_110' title='bbox 1329 2203 1566 2319; x_wconf 84' lang='lat' dir='ltr'>principalis</span> <span class='ocrx_word' id='word_1_111' title='bbox 1581 2203 1776 2308; x_wconf 79' lang='lat' dir='ltr'>ecclesiae,</span> 
     </span>
     <span class='ocr_line' id='line_1_18' title="bbox 488 2313 1776 2429; baseline 0.002 -30"><span class='ocrx_word' id='word_1_112' title='bbox 488 2315 548 2399; x_wconf 62' lang='lat' dir='ltr'>‘in</span> <span class='ocrx_word' id='word_1_113' title='bbox 571 2333 776 2427; x_wconf 90' lang='lat' dir='ltr'>quantum</span> <span class='ocrx_word' id='word_1_114' title='bbox 810 2313 1013 2402; x_wconf 89' lang='lat' dir='ltr'>moderna</span> <span class='ocrx_word' id='word_1_115' title='bbox 1039 2314 1197 2403; x_wconf 85' lang='lat' dir='ltr'>fabrica</span> <span class='ocrx_word' id='word_1_116' title='bbox 1222 2343 1317 2403; x_wconf 90' lang='lat' dir='ltr'>eom</span> <span class='ocrx_word' id='word_1_117' title='bbox 1345 2313 1534 2419; x_wconf 73' lang='lat' dir='ltr'>lettit&#39;ur,</span> <span class='ocrx_word' id='word_1_118' title='bbox 1564 2313 1776 2429; x_wconf 85' lang='lat' dir='ltr'>eleganter</span> 
     </span>
     <span class='ocr_line' id='line_1_19' title="bbox 504 2345 1775 2541; baseline -0.002 -27"><span class='ocrx_word' id='word_1_119' title='bbox 504 2425 671 2528; x_wconf 84' lang='lat' dir='ltr'>stravit,</span> <span class='ocrx_word' id='word_1_120' title='bbox 698 2446 954 2514; x_wconf 88' lang='lat' dir='ltr'>conventum</span> <span class='ocrx_word' id='word_1_121' title='bbox 966 2426 1146 2516; x_wconf 85' lang='lat' dir='ltr'>fratrum</span> <span class='ocrx_word' id='word_1_122' title='bbox 1161 2427 1207 2515; x_wconf 68' lang='grc' dir='ltr'>ἃ</span> <span class='ocrx_word' id='word_1_123' title='bbox 1222 2345 1508 2530; x_wconf 61' lang='lat' dir='ltr'>refellorium,</span> <span class='ocrx_word' id='word_1_124' title='bbox 1536 2421 1657 2513; x_wconf 88' lang='lat' dir='ltr'>suum</span> <span class='ocrx_word' id='word_1_125' title='bbox 1672 2452 1775 2541; x_wconf 93' lang='lat' dir='ltr'>quo·</span> 
     </span>
     <span class='ocr_line' id='line_1_20' title="bbox 502 2533 1778 2670; baseline 0.002 -46"><span class='ocrx_word' id='word_1_126' title='bbox 502 2563 590 2652; x_wconf 86' lang='lat' dir='ltr'>que</span> <span class='ocrx_word' id='word_1_127' title='bbox 612 2533 810 2625; x_wconf 88' lang='lat' dir='ltr'>solarium</span> <span class='ocrx_word' id='word_1_128' title='bbox 842 2537 1015 2670; x_wconf 67' lang='lat' dir='ltr'>pisturis</span> <span class='ocrx_word' id='word_1_129' title='bbox 1040 2539 1284 2642; x_wconf 85' lang='lat' dir='ltr'>decoravit,</span> <span class='ocrx_word' id='word_1_130' title='bbox 1313 2541 1519 2627; x_wconf 88' lang='lat' dir='ltr'>ambitum</span> <span class='ocrx_word' id='word_1_131' title='bbox 1555 2565 1778 2626; x_wconf 90' lang='lat' dir='ltr'>murorum</span> 
     </span>
     <span class='ocr_line' id='line_1_21' title="bbox 370 2646 1774 2770; baseline 0.001 -35"><span class='ocrx_word' id='word_1_132' title='bbox 370 2726 375 2735; x_wconf 26' lang='grc' dir='ltr'><em>Ι</em></span> <span class='ocrx_word' id='word_1_133' title='bbox 505 2653 560 2738; x_wconf 86' lang='lat' dir='ltr'>ab</span> <span class='ocrx_word' id='word_1_134' title='bbox 577 2654 783 2738; x_wconf 88' lang='lat' dir='ltr'>extremis</span> <span class='ocrx_word' id='word_1_135' title='bbox 797 2652 929 2738; x_wconf 87' lang='lat' dir='ltr'>rumis</span> <span class='ocrx_word' id='word_1_136' title='bbox 943 2651 1212 2755; x_wconf 65' lang='lat' dir='ltr'>inmutavit,</span> <span class='ocrx_word' id='word_1_137' title='bbox 1237 2673 1410 2768; x_wconf 89' lang='lat' dir='ltr'>pontem</span> <span class='ocrx_word' id='word_1_138' title='bbox 1422 2649 1634 2766; x_wconf 85' lang='lat' dir='ltr'>lapideum</span> <span class='ocrx_word' id='word_1_139' title='bbox 1649 2646 1774 2770; x_wconf 89' lang='lat' dir='ltr'>super</span> 
     </span>
     <span class='ocr_line' id='line_1_22' title="bbox 502 2758 1778 2960; baseline -0.001 -109"><span class='ocrx_word' id='word_1_140' title='bbox 502 2761 685 2852; x_wconf 87' lang='lat' dir='ltr'>fluvium</span> <span class='ocrx_word' id='word_1_141' title='bbox 706 2761 887 2874; x_wconf 81' lang='lat' dir='ltr'>Wisgoz</span> <span class='ocrx_word' id='word_1_142' title='bbox 901 2761 1036 2852; x_wconf 91' lang='lat' dir='ltr'>multa</span> <span class='ocrx_word' id='word_1_143' title='bbox 1052 2759 1256 2880; x_wconf 79' lang='lat' dir='ltr'>impensa,</span> <span class='ocrx_word' id='word_1_144' title='bbox 1284 2785 1374 2850; x_wconf 83' lang='lat' dir='ltr'>tam</span> <span class='ocrx_word' id='word_1_145' title='bbox 1389 2758 1462 2850; x_wconf 90' lang='lat' dir='ltr'>sua</span> <span class='ocrx_word' id='word_1_146' title='bbox 1479 2761 1609 2960; x_wconf 40' lang='lat' dir='ltr'>{ulnam</span> <span class='ocrx_word' id='word_1_147' title='bbox 1628 2763 1778 2852; x_wconf 85' lang='lat' dir='ltr'>Christi</span> 
     </span>
     <span class='ocr_line' id='line_1_23' title="bbox 506 2874 1777 2992; baseline 0.001 -29"><span class='ocrx_word' id='word_1_148' title='bbox 506 2874 720 2979; x_wconf 85' lang='lat' dir='ltr'>fidelium,</span> <span class='ocrx_word' id='word_1_149' title='bbox 748 2875 977 2966; x_wconf 85' lang='lat' dir='ltr'>fabricavit.</span> <span class='ocrx_word' id='word_1_150' title='bbox 1035 2875 1225 2966; x_wconf 89' lang='lat' dir='ltr'>Demum</span> <span class='ocrx_word' id='word_1_151' title='bbox 1252 2875 1305 2964; x_wconf 90' lang='lat' dir='ltr'>ad</span> <span class='ocrx_word' id='word_1_152' title='bbox 1329 2877 1479 2992; x_wconf 88' lang='lat' dir='ltr'>imperi</span> <span class='ocrx_word' id='word_1_153' title='bbox 1520 2901 1590 2960; x_wconf 90' lang='lat' dir='ltr'>em</span> <span class='ocrx_word' id='word_1_154' title='bbox 1617 2878 1777 2964; x_wconf 81' lang='lat' dir='ltr'>curiam</span> 
     </span>
     <span class='ocr_line' id='line_1_24' title="bbox 507 2985 1778 3108; baseline -0.003 -30"><span class='ocrx_word' id='word_1_155' title='bbox 507 2987 646 3108; x_wconf 83' lang='lat' dir='ltr'>Spirae</span> <span class='ocrx_word' id='word_1_156' title='bbox 660 3010 883 3092; x_wconf 84' lang='lat' dir='ltr'>evocatus,</span> <span class='ocrx_word' id='word_1_157' title='bbox 911 3015 1104 3104; x_wconf 89' lang='lat' dir='ltr'>cumpro</span> <span class='ocrx_word' id='word_1_158' title='bbox 1124 2985 1390 3076; x_wconf 85' lang='lat' dir='ltr'>reformanda</span> <span class='ocrx_word' id='word_1_159' title='bbox 1411 3016 1512 3103; x_wconf 85' lang='lat' dir='ltr'>paee</span> <span class='ocrx_word' id='word_1_160' title='bbox 1528 2987 1574 3075; x_wconf 72' lang='grc' dir='ltr'><strong>ἃ</strong></span> <span class='ocrx_word' id='word_1_161' title='bbox 1610 3017 1778 3074; x_wconf 89' lang='lat' dir='ltr'>concor·</span> 
     </span>
     <span class='ocr_line' id='line_1_25' title="bbox 508 3098 1777 3220; baseline 0.002 -34"><span class='ocrx_word' id='word_1_162' title='bbox 508 3099 578 3186; x_wconf 85' lang='lat' dir='ltr'>dia</span> <span class='ocrx_word' id='word_1_163' title='bbox 605 3103 727 3190; x_wconf 88' lang='lat' dir='ltr'>inter·</span> <span class='ocrx_word' id='word_1_164' title='bbox 747 3105 1047 3220; x_wconf 89' lang='lat' dir='ltr'>imperatorem</span> <span class='ocrx_word' id='word_1_165' title='bbox 1085 3100 1332 3190; x_wconf 84' lang='lat' dir='ltr'>&amp;fratrem</span> <span class='ocrx_word' id='word_1_166' title='bbox 1359 3101 1470 3211; x_wconf 82' lang='lat' dir='ltr'>ejus,</span> <span class='ocrx_word' id='word_1_167' title='bbox 1498 3098 1777 3190; x_wconf 80' lang='lat' dir='ltr'>Cunnnuuur</span> 
     </span>
     <span class='ocr_line' id='line_1_26' title="bbox 515 3207 1776 3316; baseline -0.004 -14"><span class='ocrx_word' id='word_1_168' title='bbox 515 3211 817 3306; x_wconf 67' lang='lat' dir='ltr'>Prummu</span> <span class='ocrx_word' id='word_1_169' title='bbox 835 3219 1073 3305; x_wconf 75' lang='lat' dir='ltr'>&#39;commum</span> <span class='ocrx_word' id='word_1_170' title='bbox 1098 3245 1155 3302; x_wconf 78' lang='lat' dir='ltr'>nn</span> <span class='ocrx_word' id='word_1_171' title='bbox 1174 3211 1339 3316; x_wconf 72' lang='lat' dir='ltr'>Reno,</span> <span class='ocrx_word' id='word_1_172' title='bbox 1356 3209 1488 3302; x_wconf 69' lang='lat' dir='ltr'>mailro</span> <span class='ocrx_word' id='word_1_173' title='bbox 1504 3209 1657 3316; x_wconf 82' lang='lat' dir='ltr'>labore,</span> <span class='ocrx_word' id='word_1_174' title='bbox 1670 3207 1776 3298; x_wconf 91' lang='lat' dir='ltr'>mul·</span> 
     </span>
     <span class='ocr_line' id='line_1_27' title="bbox 510 3322 1882 3443; baseline -0.002 -31"><span class='ocrx_word' id='word_1_175' title='bbox 510 3343 640 3443; x_wconf 84' lang='lat' dir='ltr'>taque</span> <span class='ocrx_word' id='word_1_176' title='bbox 658 3327 879 3427; x_wconf 84' lang='lat' dir='ltr'>instantia,</span> <span class='ocrx_word' id='word_1_177' title='bbox 906 3323 979 3414; x_wconf 85' lang='lat' dir='ltr'>led</span> <span class='ocrx_word' id='word_1_178' title='bbox 1005 3325 1154 3414; x_wconf 85' lang='lat' dir='ltr'>frustra</span> <span class='ocrx_word' id='word_1_179' title='bbox 1178 3322 1432 3428; x_wconf 86' lang='lat' dir='ltr'>desudallet,</span> <span class='ocrx_word' id='word_1_180' title='bbox 1459 3325 1776 3442; x_wconf 80' lang='lat' dir='ltr'>praeponderari·</span> <span class='ocrx_word' id='word_1_181' title='bbox 1867 3385 1882 3399; x_wconf 59' lang='grc'>.«</span> 
     </span>
     <span class='ocr_line' id='line_1_28' title="bbox 510 3436 1777 3546; baseline -0.003 -21"><span class='ocrx_word' id='word_1_182' title='bbox 510 3441 625 3527; x_wconf 88' lang='lat' dir='ltr'>tibus</span> <span class='ocrx_word' id='word_1_183' title='bbox 651 3441 884 3527; x_wconf 87' lang='lat' dir='ltr'>domesticis</span> <span class='ocrx_word' id='word_1_184' title='bbox 917 3438 1026 3526; x_wconf 90' lang='lat' dir='ltr'>odiis</span> <span class='ocrx_word' id='word_1_185' title='bbox 1051 3436 1218 3528; x_wconf 86' lang='lat' dir='ltr'>sanitati</span> <span class='ocrx_word' id='word_1_186' title='bbox 1241 3437 1531 3546; x_wconf 77' lang='lat' dir='ltr'>consiliorum,</span> <span class='ocrx_word' id='word_1_187' title='bbox 1559 3441 1603 3524; x_wconf 91' lang='lat' dir='ltr'>in</span> <span class='ocrx_word' id='word_1_188' title='bbox 1626 3439 1777 3544; x_wconf 82' lang='lat' dir='ltr'>nativi·</span> 
     </span>
     <span class='ocr_line' id='line_1_29' title="bbox 509 3545 1776 3668; baseline -0.002 -30"><span class='ocrx_word' id='word_1_189' title='bbox 509 3567 600 3638; x_wconf 88' lang='lat' dir='ltr'>tate</span> <span class='ocrx_word' id='word_1_190' title='bbox 617 3553 753 3641; x_wconf 82' lang='lat' dir='ltr'>beatae</span> <span class='ocrx_word' id='word_1_191' title='bbox 770 3552 944 3668; x_wconf 83' lang='lat' dir='ltr'>virginis</span> <span class='ocrx_word' id='word_1_192' title='bbox 969 3553 1120 3642; x_wconf 85' lang='lat' dir='ltr'>Mariae</span> <span class='ocrx_word' id='word_1_193' title='bbox 1138 3611 1150 3653; x_wconf 87' lang='lat'><strong>,</strong></span> <span class='ocrx_word' id='word_1_194' title='bbox 1177 3573 1379 3668; x_wconf 86' lang='lat' dir='ltr'>vergente</span> <span class='ocrx_word' id='word_1_195' title='bbox 1392 3552 1479 3664; x_wconf 85' lang='lat' dir='ltr'>jam</span> <span class='ocrx_word' id='word_1_196' title='bbox 1495 3545 1676 3666; x_wconf 82' lang='lat' dir='ltr'>vespere,</span> <span class='ocrx_word' id='word_1_197' title='bbox 1694 3547 1776 3635; x_wconf 88' lang='lat' dir='ltr'>len·</span> 
     </span>
     <span class='ocr_line' id='line_1_30' title="bbox 509 3663 1776 3780; baseline -0.004 -28"><span class='ocrx_word' id='word_1_198' title='bbox 509 3667 568 3752; x_wconf 88' lang='lat' dir='ltr'>tis</span> <span class='ocrx_word' id='word_1_199' title='bbox 585 3664 770 3756; x_wconf 85' lang='lat' dir='ltr'>febribus</span> <span class='ocrx_word' id='word_1_200' title='bbox 787 3695 905 3753; x_wconf 88' lang='lat' dir='ltr'>corre</span> <span class='ocrx_word' id='word_1_201' title='bbox 935 3686 1004 3753; x_wconf 90' lang='lat' dir='ltr'>tus</span> <span class='ocrx_word' id='word_1_202' title='bbox 1022 3665 1100 3772; x_wconf 85' lang='lat' dir='ltr'>est,</span> <span class='ocrx_word' id='word_1_203' title='bbox 1128 3668 1322 3779; x_wconf 90' lang='lat' dir='ltr'>aquibus</span> <span class='ocrx_word' id='word_1_204' title='bbox 1335 3693 1411 3780; x_wconf 90' lang='lat' dir='ltr'>per</span> <span class='ocrx_word' id='word_1_205' title='bbox 1428 3685 1564 3753; x_wconf 90' lang='lat' dir='ltr'>totam</span> <span class='ocrx_word' id='word_1_206' title='bbox 1582 3663 1776 3778; x_wconf 86' lang='lat' dir='ltr'>hyemem</span> 
     </span>
     <span class='ocr_line' id='line_1_31' title="bbox 512 3694 1777 3890; baseline -0.004 -26"><span class='ocrx_word' id='word_1_207' title='bbox 512 3777 744 3884; x_wconf 76' lang='lat' dir='ltr'>excouus,</span> <span class='ocrx_word' id='word_1_208' title='bbox 772 3694 1084 3868; x_wconf 77' lang='lat' dir='ltr'>ineamlelcente</span> <span class='ocrx_word' id='word_1_209' title='bbox 1101 3779 1255 3866; x_wconf 86' lang='lat' dir='ltr'>aestatis</span> <span class='ocrx_word' id='word_1_210' title='bbox 1273 3777 1439 3865; x_wconf 89' lang='lat' dir='ltr'>fervore</span> <span class='ocrx_word' id='word_1_211' title='bbox 1456 3779 1616 3868; x_wconf 90' lang='lat' dir='ltr'>viribus</span> <span class='ocrx_word' id='word_1_212' title='bbox 1634 3803 1777 3890; x_wconf 88' lang='lat' dir='ltr'>corpo·</span> 
     </span>
    </p>
   </div>
   <div class='ocr_carea' id='block_1_5' title="bbox 513 3887 1778 4088">
    <p class='ocr_par' dir='ltr' id='par_1_5' title="bbox 513 3887 1778 4088">
     <span class='ocr_line' id='line_1_32' title="bbox 513 3887 1778 4088; baseline -0.007 -108"><span class='ocrx_word' id='word_1_213' title='bbox 513 3893 573 3980; x_wconf 86' lang='lat' dir='ltr'>ris</span> <span class='ocrx_word' id='word_1_214' title='bbox 588 3896 722 4015; x_wconf 86' lang='lat' dir='ltr'>coepit</span> <span class='ocrx_word' id='word_1_215' title='bbox 737 3891 922 4003; x_wconf 84' lang='lat' dir='ltr'>destitui,</span> <span class='ocrx_word' id='word_1_216' title='bbox 947 3893 994 3986; x_wconf 69' lang='grc' dir='ltr'>ἃ</span> <span class='ocrx_word' id='word_1_217' title='bbox 1010 3913 1103 3987; x_wconf 86' lang='lat' dir='ltr'>tum</span> <span class='ocrx_word' id='word_1_218' title='bbox 1118 3887 1294 4006; x_wconf 84' lang='lat' dir='ltr'>languor</span> <span class='ocrx_word' id='word_1_219' title='bbox 1317 3887 1433 3979; x_wconf 92' lang='lat' dir='ltr'>nullo</span> <span class='ocrx_word' id='word_1_220' title='bbox 1459 3889 1778 4088; x_wconf 52' lang='lat' dir='ltr'>remedifflra·</span> 
     </span>
    </p>
   </div>
   <div class='ocr_carea' id='block_1_6' title="bbox 0 0 2008 5417">
    <p class='ocr_par' dir='ltr' id='par_1_6' title="bbox 0 0 2008 5417">
     <span class='ocr_line' id='line_1_33' title="bbox 0 0 2008 5417; baseline 0 0"><span class='ocrx_word' id='word_1_221' title='bbox 0 0 2008 5417; x_wconf 95' lang='lat' dir='ltr'> </span> 
     </span>
    </p>
   </div>
  </div>
 </body>
</html>
