4000 5417
1057 451 1417 532 ‘salomom
1532 481 1536 490 ·

1051 753 1397 850 coocxnvlss.

802 883 985 980 Doralio
1006 884 1199 1000 Hilferiti
1223 884 1265 973 ia
1298 881 1578 976 Ulainislrim.

338 1059 344 1066 “
416 1080 422 1092 ·
554 1051 718 1200 Eodem
741 1075 839 1130 anno
867 1075 937 1148 ego
959 1049 1158 1128 Hilferitns
1184 1074 1250 1153 pro
1271 1051 1435 1130 remedio
1462 1055 1601 1135 animae
1621 1079 1717 1135 meae
1738 1059 1833 1137 dono

634 1155 867 1238 odlandum
887 1153 957 1230 Dei
985 1167 1191 1252 martyrem
1217 1155 1447 1244 Nazarium,
1481 1157 1546 1254 qui
1572 1159 1767 1256 requiescit
1793 1164 1831 1238 in

554 1284 704 1364 corpore
725 1259 762 1334 in
776 1279 871 1356 pago
886 1253 1045 1343 Rinenst,
1066 1254 1107 1331 in
1129 1255 1365 1345 monasterio,
1381 1258 1480 1354 quod
1501 1273 1658 1336 vocatur
1676 1262 1832 1340 Laures·

555 1365 665 1452 harn,
691 1359 754 1436 ubi
774 1359 832 1435 vir
853 1355 1073 1434 venerabilis
1094 1357 1362 1436 Gondelandus
1383 1359 1480 1436 abba
1501 1360 1649 1476 praeelse
1669 1362 1832 1454 videtin,

554 1467 804 1558 donatumque
827 1458 867 1534 in
888 1457 1198 1558 perpetuumelle
1219 1461 1326 1548 volo,
1361 1483 1480 1536 unum
1495 1464 1634 1558 Jurnal.
1663 1461 1704 1540 dt
1722 1465 1833 1542 dimi·

554 1567 661 1646 dium
675 1565 721 1640 de
736 1577 835 1639 terra
850 1559 1040 1648 aratoria,
1066 1559 1107 1634 in
1125 1559 1348 1636 Uluinr'sluim
1360 1563 1409 1638 ad
1424 1563 1609 1659 integrum
1632 1565 1726 1642 adie
1740 1590 1833 1666 prae·

556 1667 656 1746 iente
685 1661 944 1766 perpetualiter
976 1659 1025 1734 ad
1062 1659 1348 1758 possidendum,
1395 1663 1627 1764 stipulatione
1664 1665 1830 1746 subnixa.

372 1809 424 1862 ῃ,
439 1789 519 1877 Ap,
556 1769 696 1848 Altum
718 1761 933 1842 linninhrim
962 1759 1110 1860 publice
1138 1763 1173 1839 ll
1197 1763 1282 1842 idus
1296 1761 1470 1864 Aprilis,
1502 1791 1600 1844 anno
1618 1789 1693 1865 quo
1715 1769 1832 1868 supra.

556 1871 715 1967 Signum
736 1863 909 1951 Hillridi,
943 1862 1007 1960 qui
1027 1861 1128 1940 hanc
1148 1865 1386 1944 donationem
1407 1867 1487 1944 lieri
1507 1868 1546 1946 ὃ(
1565 1870 1705 1946 firmari
1726 1893 1834 1966 roga·

555 1973 623 2054 rit.
662 1969 822 2066 Signum
848 1963 1070 2052 Udolberti,
1103 1965 1318 2058 Lnntdolli,
1361 1968 1578 2061 Rutherici,
1609 1971 1834 2061 Theotdolfi,

556 2065 903 2252 signumsllerpardi
914 2119 928 2162 ,
960 2065 1197 2158 Theotberti,
1228 2068 1395 2150 Geroldi.
1446 2072 1530 2172 Ego
1549 2073 1750 2172 Wiglarius
1769 2095 1836 2152 no·

397 2235 405 2262 .
519 2179 533 2198 ‘
557 2176 681 2258 tarius
713 2171 791 2272 erip

378 2264 402 2297 ”
444 2289 453 2302 ·
560 2331 564 2340 .
1043 2263 1357 2364 ccccm.

808 2393 989 2491 Donalio
1018 2397 1228 2487 Gumbrrtr'
1255 2399 1298 2486 ia
1326 2400 1454 2487 eadent
1480 2397 1586 2486 villa.
1610 2437 1632 2496 ς

415 2581 421 2592 “
555 2575 663 2707 Item
692 2587 821 2654 anno,
863 2583 939 2659 quo
967 2560 1093 2660 supra,
1114 2558 1288 2658 ejusdem⁴
1303 2557 1476 2658 principis
1501 2581 1570 2656 ego
1599 2559 1835 2640 (rumbertus

612 2669 707 2745 dono
733 2687 797 2766 pro
818 2663 955 2739 animae
983 2684 1080 2738 meae
1104 2661 1262 2738 remedio
1285 2662 1334 2736 ad
1353 2658 1516 2735 santium
1536 2663 1607 2738 Dei
1626 2663 1836 2744 Nazarium

561 2783 763 2870 martyrem
777 2761 910 2844 Christi
924 2815 934 2852 ,
948 2763 1209 2862 quirequielcit
1219 2761 1259 2838 in
1273 2781 1422 2860 corpore
1436 2759 1478 2836 in
1490 2785 1589 2864 pago
1601 2762 1770 2855 Rinenst,
1795 2766 1836 2844 in

554 2870 803 2960 monasterio,
835 2866 935 2966 quod
962 2879 1118 2942 vocatur
1140 2863 1395 2953 lauresham,
1435 2863 1502 2940 ubi
1530 2865 1591 2940 vir
1613 2868 1833 2944 venerabilia

560 2969 946 3061 Gundelandus‘abba
967 2965 1113 3066 praecise
1136 2965 1299 3055 videtur,
1332 2965 1586 3064 donatumque
1606 2966 1645 3042 in
1667 2982 1835 3067 perpero-

483 3157 503 3174 ‚
558 3101 624 3154 um
652 3075 721 3152 else
750 3075 835 3151 volo
857 3069 874 3168 j
897 3069 1033 3146 carado
1063 3067 1214 3145 nomine
1243 3065 1399 3150 Willulf
1420 3089 1510 3142 cum
1527 3067 1691 3145 consorte
1713 3070 1774 3147 sua
1793 3069 1834 3148 ὅ(

558 3174 717 3272 manso]
740 3177 778 3251 in
797 3172 1037 3266 Uluinr'rlrim,
1064 3169 1172 3270 super
1193 3169 1354 3246 fluvium
1374 3167 1518 3270 Neara,
1545 3192 1568 3244 a
1585 3170 1645 3246 die
1659 3173 1834 3270 praesente

556 3281 680 3370 dono,
706 3277 813 3356 trado
828 3287 941 3372 atque
962 3273 1186 3352 transfundo
1205 3272 1246 3348 in
1258 3271 1330 3348 Dei
1344 3271 1492 3348 nomine
1507 3273 1771 3372 perpetualiter
1782 3271 1836 3350 ad

553 3381 804 3485 pollidendnm
823 3376 1055 3477 stipulatione
1070 3373 1235 3461 subnixa,
1286 3371 1481 3450 Astron-in
1495 3371 1712 3450 monasterio
1731 3373 1837 3448 Lau·

553 3487 709 3574 tomen,
731 3481 877 3584 publice
896 3477 1078 3556 kalendas
1095 3472 1267 3572 Augusti.
1326 3475 1487 3571 Signum
1514 3475 1735 3562 (romani,
1764 3475 1837 3572 qui

551 3588 651 3672 lianc
664 3587 902 3664 donationem
917 3579 1024 3667 fecit,
1051 3575 1833 3676 lignumHumberti‚Heimberti‚Geroldi‚

440 3740 444 3764 ι
550 3688 726 3794 Hajonis„
758 3685 902 3768 Udonis
914 3735 927 3776 ,
952 3680 1117 3762 Milonis.
1177 3678 1261 3778 Ego
1274 3679 1430 3758 Samuel
1451 3677 1584 3782 scripsr.

367 3547 398 3602 r.
418 3532 505 3615 Arg·

1489 4249 1492 4254 .
1546 4077 1549 4084 ’
1596 4076 1777 4212 ccccn.
