4000 5417
501 389 608 467 Suc.
637 386 672 465 X
698 345 1155 467 Cuunnnol'nucn.
1391 415 1459 493 ιιι

203 716 281 769 mus
301 696 373 769 hoc
407 690 538 769 nostrae
558 690 782 767 auctoritatis
814 702 1042 792 praeceptum
1067 690 1154 767 inde
1173 690 1374 781 conscribi,
1401 716 1464 793 per

200 798 294 895 quod
310 794 501 883 volumus,
526 792 747 899 firmiterque
759 790 960 889 jubemus,
986 794 1162 891 quatinus
1188 792 1377 891 supraditii
1390 818 1462 871 coe·

198 898 303 976 nobis
324 897 456 971 fratres
481 896 528 971 ab
552 890 728 970 hodiema
742 895 800 969 die
814 895 852 971 δι
878 897 1091 995 deinceps
1066 898 1179 971 talem
1192 896 1276 972 inde
1301 895 1462 975 habeant

197 998 439 1098 potestatem,
466 996 555 1073 licut
570 996 608 1071 δι
627 997 672 1069 de
687 996 769 1071 aliis
785 998 918 1086 rebuS,
943 1022 1030 1095 quae
1051 998 1213 1096 antiquis
1236 999 1462 1115 temporibus

198 1104 245 1176 ad
260 1100 491 1199 praelibatum
507 1098 716 1174 coenobium
731 1098 861 1173 eodem
884 1114 1008 1175 tenore
1027 1100 1207 1199 pertinere
1230 1099 1460 1176 videbantur.

197 1204 248 1277 Et
269 1216 312 1277 ut
337 1202 406 1276 hoc
428 1199 678 1287 auctoritatis,
705 1199 902 1295 nostraeque
921 1202 1210 1277 confirmationis
1235 1217 1462 1301 praeceptum

197 1302 346 1377 firmum
369 1303 549 1379 &itabile
575 1324 638 1401 per
648 1300 930 1379 succedentium
952 1318 1160 1402 temporum
1174 1304 1359 1381 curricula
1374 1326 1460 1380 con·

198 1404 313 1493 sistat,
339 1427 453 1481 manu
467 1400 584 1479 nostra
606 1402 751 1501 propria
773 1401 896 1479 subtus
917 1406 1010 1481 illud
1040 1405 1250 1481 roborantes
1266 1406 1461 1483 confirma·

123 1502 130 1519 '
197 1506 346 1594 vimus,
372 1507 560 1615 anulique
566 1504 673 1580 nostri
699 1504 921 1603 impreffione
936 1505 1096 1602 insigniri
1110 1508 1363 1606 praecepimus
1391 1506 1460 1584 Sa·

196 1610 323 1683 lomon
337 1600 580 1683 cancellarius
595 1605 684 1681 ad
651 1628 770 1681 vicem
781 1606 944 1701 Piligrini
954 1608 1237 1705 archicapellani
1252 1610 1457 1706 recognovi.

197 1710 357 1785 DataVl
371 1710 454 1784 idus
462 1707 667 1794 Februarn
676 1730 773 1781 anno
788 1708 1049 1789 incarnationis
1057 1708 1205 1781 Domini
1219 1711 1461 1798 DCCCCXV,
1515 1722 1546 1787 8
1562 1709 1651 1775 Febr

195 1810 464 1895 indiuionelll,
481 1822 655 1905 regnante
670 1807 917 1922 piillrmorege
933 1808 1105 1883 Cunrado
1119 1831 1217 1881 anno
1230 1810 1308 1883 llll.
1327 1808 1463 1885 Atium
1539 1814 1616 1878 91&

194 1912 342 1987 invilla
368 1910 469 2006 regia
494 1908 747 2007 llunronosurt
769 1908 944 1999 nomine,
971 1908 1011 1985 in
1042 1908 1111 1985 Dei
1131 1908 1277 1985 nomine
1297 1906 1516 1985 feliciter.-

194 2012 337 2095 Amen.
370 2046 372 2057 ·

189 2214 365 2391 Idem*
392 2238 532 2339 quon
506 2242 656 2302 uerex
709 2214 888 2345 raedium
905 2170 1089 2343 suumin
1122 2209 1396 2347 Wartenheim
1421 2210 1676 2301 &ructum

256 2326 307 2416 V
301 2322 467 2411 arnhelm
563 2326 632 2415 clo
705 2354 848 2412 azarro
866 2354 963 2443 cum
988 2324 1227 2437 hujusmodi
1251 2348 1464 2443 praecepto

191 2438 376 2526 tradidit.
476 2463 494 2529 ,·

747 2548 907 2643 LXIV.

421 2682 572 2796 Largit
555 2684 650 2771 tio*
679 2682 904 2773 Caurudi
888 2712 928 2770 m
959 2682 1274 2775 Virnenlreims
1492 2688 1652 2787 romine

163 2861 283 2995 In·
263 2846 418 2924 nonina
440 2844 566 2922 sanitae
591 2846 631 2920 u
652 2849 852 2925 individuae
874 2850 1075 2927 Trinitatis.
1128 2854 1385 2931 Cnuunnuus
1406 2854 1461 2931 di·

244 2948 337 3025 vina
359 2946 506 3021 favente
527 2946 727 3027 clementia
748 2968 826 3021 rex.
867 2950 1019 3028 Noverit
1032 2956 1201 3030 omnium
1215 2954 1380 3030 fidelium
1395 2982 1460 3031 no·

188 3050 377 3137 litorum,
394 3046 639 3146 praesentium
657 3044 794 3124 scilicet
807 3048 845 3125 &
861 3049 1103 3143 futurorum,
1130 3054 1316 3144 industria,
1343 3060 1460 3154 quali·

188 3165 245 3227 ter
260 3173 332 3226 nos
348 3149 498 3225 cuidam
524 3146 726 3223 venerabili
752 3152 963 3248 presbytero
983 3154 1119 3243 nostro,
1147 3156 1397 3233 scilicetiideli
1422 3158 1472 3234 &-

187 3253 325 3329 ducem
340 3252 532 3351 capellano
557 3248 743 3328 Werinolf
753 3268 985 3352 nuncupato,
1012 3258 1051 3330 in
1066 3280 1161 3354 pago
1188 3259 1432 3353 Rinicgouue,
1423 3280 1463 3335 m

188 3358 355 3429 omitum
380 3354 574 3437 Umbris,
602 3348 777 3445 quicquid
802 3378 873 3431 nos
894 3354 932 3427 in
952 3356 1042 3429 locis
1072 3356 1286 3435 Waamam
1306 3359 1346 3435 bc
1375 3357 1462 3433 Vir·
1498 3435 1503 3443 ,

187 3456 352 3529 narheim
366 3448 499 3527 nostri
486 3450 579 3546 juris
592 3449 769 3526 hactenus
783 3453 919 3528 habere
934 3456 1169 3545 videbamur,
1195 3458 1284 3536 &
1253 3484 1287 3534 er
1308 3458 1409 3557 prius
1424 3460 1462 3535 in

188 3554 416 3633 beneficium
430 3552 632 3627 concellum
655 3554 870 3641 tenuimus,
896 3576 980 3631 cum
1005 3558 1196 3634 curtilibus
1210 3560 1393 3649 aedificiis,
1407 3560 1466 3636 fa

186 3659 323 3743 millis,
343 3654 382 3731 bc
396 3654 585 3773 mancipiis
599 3655 794 3753 utriusque
810 3656 936 3743 sexus,
950 3656 988 3732 δι
1003 3657 1177 3733 ecclesia
1168 3683 1205 3733 m
1234 3660 1462 3737 Wrnmrher'm

187 3756 428 3845 construila,
453 3756 560 3831 terris
587 3757 699 3833 cultis
725 3758 763 3834 br
788 3756 964 3847 incultis,
991 3760 1114 3857 agris,
1138 3760 1274 3861 pratis,
1301 3763 1460 3861 campis,

191 3858 364 3960 pascuis,
391 3856 520 3955 sylvis,
548 3860 670 3957 aquis,
687 3882 918 3958 aquarumve
933 3861 1168 3952 decursibus
1195 3865 1266 3940 viis
1291 3862 1461 3958 &inviis

190 3959 361 4041 exitibus
395 3960 434 4039 δι
466 3960 666 4103 reditibus,
691 3962 852 4062 quaefitis
886 3958 925 4038 δι
945 3964 1191 4067 inquirendis,
1218 3966 1460 4066 omnibusque

868 4064 899 4141 P
1296 4071 1407 4149 rebus
