4000 5417
511 437 616 530 Suc,
643 431 699 514 XI
723 435 985 514 Hervnrco
1010 435 1063 516 IV
1089 458 1237 519 naun.
1424 459 1496 544 189

226 603 581 630 W*

225 749 435 845 foribusque
450 739 580 819 nostris
595 741 635 816 in
659 741 768 818 rebus
783 741 982 818 mobilibus
1007 741 1046 820 dt
1061 743 1313 821 immobilibus
1334 746 1498 825 concessa

226 853 333 938 sunt,
360 871 525 924 necnon
547 842 586 921 dr
612 842 856 942 poiseffiones,
881 867 1005 940 quaea
1029 847 1176 942 regibus
1200 845 1239 924 dr
1253 849 1496 947 principibus,

223 953 285 1030 seu
299 949 526 1048 quibuslibet
539 945 669 1022 Christi
682 945 852 1022 fidelibus
867 947 1005 1022 collata
1020 948 1119 1036 lunt,
1143 949 1327 1026 fuerintve
1340 950 1495 1048 inposte-

223 1075 334 1140 rum,
358 1047 565 1126 inconculsa
586 1045 781 1124 stabilitate
804 1050 853 1123 ad
871 1046 933 1144 jus
959 1047 998 1124 &
1019 1051 1225 1127 dominium
1239 1051 1346 1128 sansii
1372 1053 1495 1128 Naza-

117 1167 121 1174 ’
223 1155 270 1230 rii
286 1153 449 1230 martiris
471 1150 657 1251 perpetuis
674 1150 901 1248 temporibus
916 1149 1146 1248 perseverent
1162 1175 1173 1245 3
1198 1177 1267 1228 nec
1284 1153 1496 1243 licentiasrt,

225 1269 267 1332 ut
280 1255 418 1330 ditium
433 1252 502 1342 est,
528 1276 575 1327 ex
590 1252 761 1327 omnibus
776 1252 896 1327 eidem
911 1251 1029 1328 santio
1043 1250 1260 1331 monasterio
1281 1256 1495 1354 pertinenti·

223 1359 322 1445 bus,
347 1356 482 1454 cuique
505 1375 652 1450 magnae
674 1375 871 1451 parvaeque
891 1353 1052 1452 personae
1071 1357 1225 1456 diripere
1240 1358 1441 1455 quicquam
1456 1357 1507 1434 δι’

225 1458 394 1546 auferre,
419 1472 464 1533 ut
488 1453 646 1556 profesto
661 1453 710 1529 ad
734 1455 805 1530 Dei
827 1455 974 1530 laudem
989 1458 1155 1533 securum
1169 1459 1207 1536 dr
1230 1461 1496 1558 tranquillum,

220 1559 314 1658 juste
328 1559 387 1648 id,
413 1558 513 1657 quod
528 1554 725 1654 subjettum
735 1553 809 1652 juri
822 1555 861 1633 dt
875 1559 1076 1656 patrocinio
1095 1559 1225 1638 sanstae
1239 1560 1333 1636 sedis
1355 1559 1495 1660 aposto·
1573 1635 1579 1643 .

224 1663 308 1739 licae
332 1663 411 1737 fore
436 1659 694 1745 decrevimus,
721 1659 813 1734 bene
838 1658 1008 1736 dotatum
1025 1659 1063 1736 ἃ
1078 1661 1117 1735 in
1142 1663 1276 1737 melius
1290 1663 1496 1739 dotandum

224 1775 452 1864 permaneat.
479 1762 520 1838 Si
535 1761 619 1857 quis
633 1773 788 1847 autem,
815 1762 913 1856 quod
928 1786 1001 1836 non
1015 1776 1214 1861 optamus,
1242 1764 1380 1838 nefario
1403 1765 1496 1838 ausu

118 1875 124 1882 “
223 1863 493 1964 praesumpserit
518 1861 625 1948 baec,
652 1883 738 1957 quae
756 1885 779 1936 a
799 1860 906 1940 uobis
927 1863 974 1936 ad
999 1861 1318 1938 honorificentiam
1345 1864 1496 1938 Domini

223 1965 346 2042 Dei&
362 1963 551 2040 salvatoris
566 1960 694 2050 nostri,
721 1985 786 2062 pro
802 1960 995 2038 stabilitate
1010 1961 1120 2061 ipfius
1137 1961 1399 2041 monasterii&
1416 1965 1499 2061 qui·
1605 1961 1612 1970 ’

225 2080 286 2140 ete
312 2065 605 2152 monachorum,
632 2063 767 2140 statuta
789 2061 895 2151 sunt,
922 2064 1153 2159 transgredi,
1178 2063 1266 2140 sciat
1292 2064 1328 2140 se
1342 2065 1497 2142 anathe-

224 2163 338 2242 matis
357 2166 502 2242 vinculo
519 2165 763 2252 innodatum,
790 2163 930 2240 &cum
953 2165 1098 2240 diabolo
1122 2165 1161 2241 &
1176 2167 1349 2242 omnibus
1373 2167 1498 2264 impiis

223 2267 351 2343 aeterni
368 2267 525 2340 incendii
539 2266 756 2340 atrociffimo
778 2263 947 2363 supplitio
962 2265 1180 2364 deputamm
1196 2288 1210 2358 3
1235 2281 1276 2342 at
1293 2289 1406 2356 vero,
1432 2267 1497 2364 qui

223 2367 283 2466 pio
310 2368 446 2442 intuitu
467 2364 587 2441 custos
609 2365 648 2442 dc
673 2365 880 2442 observator
903 2387 1033 2441 eorum
1055 2367 1245 2454 extiterit,
1271 2368 1497 2444 omnimodae

223 2468 483 2546 benedislionis
498 2469 683 2564 gratiam,
710 2468 948 2566 omniumque
964 2467 1112 2543 suorum
1138 2483 1374 2566 peccatorum
1395 2470 1462 2546 abs
1479 2503 1522 2528 ··

225 2571 403 2646 lutionem
418 2569 456 2646 &
473 2568 752 2663 ¹indulgentiam
767 2567 806 2644 &
831 2569 983 2646 coelestis
998 2571 1087 2644 vitae
1104 2570 1392 2659 beatitudinem,
1409 2592 1498 2646 cum

225 2670 353 2746 landis
369 2671 409 2748 dt
423 2672 545 2747 eleslis
571 2671 668 2758 Dei,
694 2693 718 2745 a
741 2669 1065 2748 misericordissimo
1090 2669 1252 2747 Domino
1270 2672 1350 2746 Deo
1367 2671 1499 2766 ,nostro

223 2773 392 2868 consequi
407 2785 592 2847 mereatur
617 2772 655 2843 in
669 2769 802 2846 saecula
822 2771 1039 2850 saeculorum
1066 2795 1188 2850 amen.
1241 2773 1347 2848 Bene
1360 2775 1495 2849 valete.
1643 2856 1653 2877 ‚

224 2874 324 2946 Data
338 2873 409 2946 vn
430 2873 517 2944 reos
542 2867 683 2964 nprnrs
697 2893 761 2964 per
780 2895 959 2950 manum.
987 2929 997 2948 .
1026 2929 1036 2948 .
1063 2875 1208 2950 diaconi
1228 2873 1266 2950 n
1280 2875 1497 2952 ,cancelarii
1528 2869 1560 2940 7·
1575 2852 1679 2941 Auel·

229 2970 364 3052 sanoae
390 2968 483 3043 sens
517 2967 750 3064 apostoncae,
776 2993 872 3046 anno
897 2974 1134 3071 ploratus
1171 2976 1315 3052 nomm
1339 2975 1498 3055 narrant
1559 2961 1654 3026 ¹⁰⁷0·

224 3095 330 3174 papae
348 3071 454 3160 Vlll,
481 3066 685 3146 indi&ione
700 3067 798 3148 Vlll.

225 3295 328 3467 Hi
345 3294 375 3352 ᾗ
400 3289 494 3380 sunt
517 3293 599 3380 viri
625 3285 948 3400 misericordiae,
977 3304 1163 3493 puerum
1191 3298 1361 3408 justitiae
1390 3295 1709 3386 0b11.'*1)earrelr

340 3409 510 3495 vionem
527 3433 611 3490 non
628 3406 852 3518 accipient,
877 3411 961 3494 viri
978 3412 987 3428 '
1007 3407 1174 3510 lustres,
1203 3414 1284 3497 viri
1302 3407 1497 3523 spedabi·

227 3516 319 3621 les,
350 3521 394 3606 dr
409 3547 507 3607 vere
527 3513 667 3602 fideles
684 3515 806 3628 hujus
835 3515 1042 3623 ecelesiae,
1100 3524 1146 3606 'ui
1170 3522 1211 3605 in
1231 3522 1378 3605 diebus
1395 3549 1497 3634 ⁸pec·

227 3654 420 3717 catorum
439 3632 816 3718 corroboraverunt
836 3633 1048 3746 pietatem,
1128 3635 1335 3743 erigentes
1352 3629 1392 3716 se
1402 3661 1498 3716 con-

228 3764 295 3828 tra
313 3738 420 3827 filios
436 3737 650 3858 superbiae,
667 3747 769 3831 novi
785 3741 1019 3834 Machabaei
1040 3743 1186 3844 duces,
1214 3739 1392 3830 viriliter
1406 3744 1496 3854 ejus

229 3853 504 3942 defenderunt
534 3853 801 3962 libertatem,
829 3855 1023 3946 videlicet
1074 3859 1402 3946 Anncnunrus
1418 3885 1496 3946 co·

228 3997 346 4076 mes,
374 3970 518 4074 Bubo,
546 3969 687 4075 Ezzo,
714 3969 1009 4174 Wolsgrprgus,
1037 3967 1306 4062 Burcbardus
1323 3969 1497 4172 advoca·

919 4114 945 4171 a
973 4117 999 4202 3
1377 4113 1441 4190 us,
