4000 5417
510 457 588 532 330
963 419 1319 498 salomones

509 584 1068 618 W

509 751 635 809 meam
657 725 698 798 in
711 721 940 826 Bofinshcim,
963 721 1036 798 hoc
1060 723 1128 812 est,
1161 724 1398 801 medietatem
1421 730 1537 807 mansi
1561 735 1672 810 unius
1694 759 1781 814 cunr

509 831 611 907 omni
627 825 836 926 aspicientia
850 824 932 913 sua,
959 837 1038 900 tam
1052 828 1187 924 pratis,
1201 827 1362 924 pascuis,
1385 826 1505 920 siluis,
1521 836 1647 932 aquis,
1670 861 1781 934 aqua·

507 954 641 1009 rumve
661 927 870 1002 decursibus
892 927 998 1002 &de
1021 940 1122 1003 terra
1149 927 1278 1006 arabili
1298 925 1376 1026 xjij
1396 928 1592 1027 jurnales,
1632 937 1710 1015 sitis
1740 939 1781 1014 in

508 1033 641 1112 eadem
680 1028 861 1118 marcha,
903 1027 943 1106 δι
983 1052 1050 1128 pro
1083 1029 1146 1107 bis
1182 1031 1307 1130 accepi
1346 1054 1370 1107 a
1402 1036 1508 1113 vobis
1537 1041 1631 1116 duas
1669 1039 1782 1118 libras

510 1145 706 1313 argenIttlem
720 1256 790 1329 ego
805 1190 932 1308 Staius
955 1233 994 1308 in
1009 1231 1077 1308 Dei
1098 1234 1248 1310 nomine
1261 1234 1358 1310 dono
1380 1237 1603 1317 adientium
1627 1243 1780 1318 Nazari-

507 1363 576 1416 um
596 1349 800 1432 martyrem
825 1333 985 1421 Christi,
1028 1335 1089 1436 qui
1119 1337 1311 1433 requiescit
1338 1338 1376 1414 in
1404 1362 1552 1438 corpore
1588 1345 1626 1418 in
1649 1366 1780 1421 mona·
1830 1433 1834 1440 ,

506 1441 639 1529 sterio,
673 1437 772 1537 quod
791 1449 945 1514 vocatur
958 1436 1214 1528 Lauresham,
1243 1436 1258 1535 j
1278 1436 1464 1536 jurnalem
1479 1441 1575 1542 prati
1591 1445 1631 1520 in
1645 1447 1779 1522 eadem

507 1543 675 1621 marcha.

610 1647 706 1722 stem
733 1665 802 1738 ego
831 1642 936 1718 Staio
967 1643 1117 1720 vendidi
1141 1643 1245 1722 vobis
1275 1647 1423 1724 vineam
1446 1645 1461 1743 j
1492 1645 1699 1746 &terram
1728 1649 1778 1727 ad

506 1750 657 1826 vineam
683 1744 891 1820 faciendam
923 1745 961 1819 in
984 1746 1117 1820 eadem
1139 1747 1319 1836 marcha,
1352 1751 1397 1826 de
1421 1747 1531 1846 cujus
1553 1775 1626 1826 uno
1662 1753 1778 1828 latere

507 1847 652 1944 adjacet
681 1861 776 1921 terra
803 1845 1008 1943 Riphuuini
1045 1847 1083 1924 dt
1117 1850 1284 1945 germani
1315 1849 1393 1940 sui,
1425 1849 1464 1928 dt
1498 1853 1572 1928 alio
1594 1854 1778 1948 genitricis

504 1973 601 2030 meae
621 1946 766 2032 Masioe,
799 1946 847 2020 de
875 1949 983 2022 tertio
1005 1950 1118 2025 latere
1139 1966 1242 2026 tenet
1263 1952 1364 2040 Udo,
1399 1953 1437 2031 dt
1462 1953 1539 2052 ipsa
1561 1969 1656 2030 terra
1679 1969 1779 2030 tenet

504 2053 544 2128 in
563 2055 674 2145 longo
692 2047 852 2148 perticas
872 2045 970 2145 vjjjja
995 2049 1035 2128 dt
1054 2052 1096 2128 in
1116 2054 1194 2128 lato
1216 2055 1396 2154 quinque,
1414 2077 1489 2154 pro
1511 2077 1587 2155 qua
1611 2058 1733 2158 accepi
1755 2078 1778 2131 a

504 2153 611 2232 vobis
632 2152 762 2226 uncias
781 2175 818 2225 v.

559 2337 562 2353 Ι
607 2254 701 2331 stem
714 2250 853 2334 constat
864 2275 927 2328 me
940 2252 1131 2332 Stalonem
1148 2254 1339 2335 vendidisse
1354 2258 1460 2333 vobis
1483 2259 1629 2334 vineam
1651 2279 1776 2333 meam

501 2359 544 2436 in
568 2381 661 2455 pago
685 2355 821 2457 slinenst
849 2355 887 2430 in
911 2352 992 2450 jam
1015 2357 1108 2434 ditia
1141 2359 1258 2445 villa,
1297 2358 1393 2432 unde
1416 2358 1540 2454 accepi
1564 2381 1587 2431 a
1608 2358 1711 2434 vobis
1732 2359 1772 2433 in

503 2460 620 2559 pretio
638 2469 769 2533 taxato
792 2455 987 2559 dimidiam
1011 2459 1155 2535 libram.

604 2561 698 2635 lbem
718 2581 788 2655 ego
808 2557 936 2634 Staius
950 2559 1066 2634 fateor
1082 2581 1152 2656 me·
1163 2557 1270 2633 vobis
1284 2557 1479 2635 vendidisse
1495 2559 1608 2636 aliam
1622 2559 1772 2636 vineam

498 2663 542 2740 in
555 2662 686 2740 eadem
701 2659 872 2748 marcha,
898 2682 963 2759 pro
976 2683 1049 2756 qua
1061 2659 1279 2734 tantundem
1297 2661 1422 2759 accepi
1435 2685 1458 2737 a
1473 2662 1577 2739 vobis
1601 2661 1639 2737 in
1655 2664 1773 2761 pretio

501 2778 657 2851 taxato,
689 2761 728 2838 dt
747 2761 961 2862 praedittarn
981 2774 1116 2835 terram
1141 2775 1221 2837 tam
1244 2762 1283 2836 in
1305 2761 1452 2852 vineis,
1486 2765 1603 2858 agris,
1637 2765 1773 2862 pratis,

501 2890 617 2966 quam
639 2867 678 2941 in
692 2864 864 2940 omnibus
888 2861 1107 2961 aspicientiis
1132 2861 1222 2950 luis,
1249 2887 1271 2938 a
1295 2861 1354 2936 die
1375 2863 1554 2960 praesente
1575 2865 1680 2940 vobis
1699 2880 1775 2942 tra·

503 2970 600 3055 didi,
624 2980 668 3042 ut
687 2966 857 3042 habeatis
878 2988 962 3040 eam
974 2961 1056 3059 jure
1084 2963 1254 3051 tenendi,
1278 2965 1567 3053 commuttandi,
1595 2968 1651 3040 vel
1672 2968 1775 3063 quid·

501 3070 590 3167 quid
602 3069 732 3144 exinde
746 3068 865 3143 facere
879 3066 1087 3152 volueritis,
1115 3064 1268 3141 liberam
1283 3087 1326 3140 ac
1341 3063 1579 3141 firmissimam
1600 3067 1638 3140 in
1654 3069 1771 3142 omni·

500 3173 573 3250 bus
593 3170 760 3246 habeatis
783 3167 1008 3268 potestatem.
1068 3165 1109 3242 Si
1132 3167 1215 3264 quis
1246 3189 1359 3254 vero,
1395 3170 1492 3264 quod
1513 3167 1678 3242 futurum
1701 3169 1773 3242 esse

500 3273 653 3351 minime
667 3271 795 3361 credo,
819 3271 893 3345 sive
905 3291 976 3364 ego
990 3267 1064 3368 ipse
1080 3282 1145 3344 aut
1166 3269 1303 3365 aliquis
1323 3269 1367 3343 de
1389 3269 1580 3344 heredibus
1600 3269 1692 3342 meis
1708 3272 1768 3345 vel

498 3375 762 3478 proheredibus
778 3385 843 3447 aut
855 3371 1033 3468 quaelibet
1045 3383 1220 3446 extranea
1237 3369 1407 3468 persona,
1430 3392 1512 3468 quae
1528 3383 1654 3444 contra
1669 3369 1766 3446 hanc

499 3477 735 3553 donationem
750 3471 823 3550 sive
848 3471 1099 3548 venditionem
1114 3495 1136 3547 a
1153 3495 1214 3546 me
1228 3471 1359 3548 saliam
1375 3472 1451 3548 ullo
1472 3493 1651 3568 umquam
1671 3485 1776 3546 tem--

497 3602 586 3679 pore
609 3573 1012 3673 veniretemptaverit,
1038 3585 1104 3649 aut
1124 3571 1320 3670 infringere
1341 3575 1399 3648 vel
1423 3587 1565 3666 mutare
1587 3574 1766 3663 voluerit,

496 3696 587 3757 tunc
601 3679 734 3755 inserat
747 3675 830 3777 ipsis
845 3677 1072 3775 emptoribus
1088 3674 1144 3751 bis
1152 3689 1316 3762 tanturn,
1332 3687 1511 3772 quantum
1526 3675 1655 3750 eadem
1671 3689 1782 3750 terra*

497 3783 691 3859 meliorata
705 3779 880 3865 valuerit,
907 3777 1117 3874 &praesens
1138 3778 1285 3852 donatio
1306 3775 1521 3852 &venditio
1537 3775 1769 3874 stabilisper-

495 3897 658 3960 maneat
709 3883 867 3979 Signum
881 3878 994 3965 stall,
1011 3879 1073 3974 qui
1088 3877 1185 3954 hanc
1200 3877 1449 3956 venditionem
1464 3877 1569 3966 fecit,
1585 3901 1629 3952 ac
1647 3875 1768 3952 Massae

313 4027 368 4096 28,
381 4014 470 4084 pepp,
498 3987 629 4062 matris
648 3983 757 4080 ejus,
793 3981 935 4078 signum
958 3977 1112 4059 Udonis.
1152 3981 1232 4080 Ego
1248 3981 1402 4059 Samuel
1415 3995 1567 4079 rogatus
1589 3977 1704 4078 scripsi
1719 3977 1767 4056 Is.

498 4087 679 4169 kalendas
706 4082 846 4182 Martii·
1536 4177 1715 4263 CCXLH·
