4000 5417
601 431 675 514 328
981 387 991 396 ’
1052 409 1409 492 Tnanrrrouns

1695 637 1847 654 ¹-

599 715 669 812 gis.
712 713 870 812 Signum
902 713 1089 806 Albuini,
1120 717 1186 814 qui
1207 715 1303 794 hanc
1329 714 1568 792 donationem
1591 717 1707 810 fecit,
1731 719 1848 820 tignum

600 817 818 908 ErimbertI‚
847 817 1030 908 Eruuini,
1055 819 1266 908 Ruthardi,
1293 815 1482 916 Wegirisr,
1506 817 1748 902 Suabolachi.
1791 827 1848 904 Re·

600 919 793 1018 giuberttu
814 917 960 1022 scripsit.

1163 1018 1367 1112 DXCIV.

845 1145 1027 1240 Donatio
1055 1143 1279 1240 Eberhelmi
1305 1147 1346 1232 in
1371 1144 1500 1233 eadem
1520 1147 1595 1236 vill
1622 1215 1634 1239 .

599 1315 764 1456 Eodem
790 1337 886 1392 anno
901 1337 970 1412 ego
991 1313 1029 1388 in
1054 1313 1125 1391 Dei
1147 1313 1297 1390 nomine
1322 1312 1573 1391 Eberheimus
1600 1317 1697 1392 dono
1714 1317 1760 1414 gd
1786 1316 1804 1394 I
1835 1357 1848 1377 ·

533 1487 539 1500 .
679 1421 777 1494 itum
793 1417 861 1494 Dei
876 1431 1081 1513 martyrem
1107 1411 1311 1494 Nazarium'
1324 1413 1397 1492 &a
1410 1419 1593 1513 petiolum
1609 1421 1655 1494 de
1668 1419 1846 1498 uuonanio

598 1515 640 1599 in
660 1519 858 1596 ominatum
872 1519 911 1596 in
936 1521 1007 1596 Dei
1027 1519 1177 1596 nomIne
1200 1517 1463 1618 perpetualiter
1476 1521 1526 1594 ad
1550 1520 1783 1618 poffidendum
1796 1519 1845 1594 sti-

597 1621 786 1719 puiatione
812 1620 975 1697 subnixa.
1030 1619 1167 1697 Attum
1191 1621 1231 1695 in
1257 1618 1476 1696 monasterio
1499 1621 1715 1700 Laurum
1729 1625 1773 1700 III
1791 1624 1844 1697 Ita·

303 1743 306 1752 ’
417 1761 470 1828 ¹9·
484 1737 562 1827 Apr.
600 1721 729 1800 landas
745 1721 861 1821 MajI,
889 1746 987 1800 anno
1020 1723 1129 1800 XXX
1148 1721 1251 1818 regni
1275 1722 1448 1820 utsupra.
1475 1723 1639 1819 Signum
1664 1723 1842 1802 Eberhelmi

600 1825 664 2012 ssui
697 1827 794 1902 hane
826 1825 1066 1903 donationem
1090 1825 1170 1904 fieri
1201 1823 1242 1901 ἀ
1266 1823 1409 1907 firmari
1433 1827 1596 1922 rogavit.
1632 1828 1844 1926 Reginbertus

618 1927 750 2034 cripiit.

1164 2024 1348 2118 DXCV.

860 2157 1043 2250 Donatio
1070 2157 1255 2251 Eruuini'
1269 2159 1312 2245 in
1336 2157 1467 2244 eadem
1497 2157 1605 2249 vilia.

598 2321 736 2464 Anno
751 2325 912 2402 XXXIII
930 2324 1098 2423 ejusdem
1114 2325 1346 2424 Imperatoris
1362 2349 1430 2422 ego
1457 2327 1597 2402 Erunin
1612 2324 1703 2401 dono
1715 2323 1760 2400 ad
1778 2321 1845 2399 ian·

687 2429 785 2502 tium
804 2428 873 2501 Dei
889 2445 1093 2525 martyrem
1110 2427 1313 2504 Nazarium
1327 2427 1398 2504 &a
1423 2425 1464 2524 jjj
1476 2427 1655 2524 jurnaide
1668 2441 1756 2501 tarra
1769 2447 1844 2497 ara-

599 2526 703 2616 turia
715 2530 754 2600 in
784 2527 1010 2615 Ottinchcim,
1037 2530 1076 2602 in
1102 2528 1172 2603 Dei
1192 2530 1342 2606 nomine
1369 2529 1611 2629 perpetuariter
1622 2527 1668 2602 ad
1680 2523 1842 2626 poffideu·

599 2629 692 2704 dum
720 2627 949 2726 stipulatione
975 2629 1141 2705 subnixa.
1196 2629 1333 2707 Aftum
1355 2631 1394 2706 in
1416 2627 1845 2706 montemmaranum

396 2769 460 2820 aa.
475 2748 562 2820 Febr.
599 2726 688 2810 VIII
703 2729 882 2804 kalendas
898 2731 1036 2808 martii.
1063 2730 1222 2829 Signum
1241 2732 1417 2822 Eruuini‚
1445 2733 1508 2833 qui
1518 2733 1611 2812 hanc
1629 2730 1845 2807 donationem

600 2825 704 2914 fecit.
730 2831 914 2910 Rudolius
928 2831 1072 2934 scripsit.

1113 2965 1350 3082 mxcvi.

699 3183 704 3194 .
858 3096 1039 3188 Donatio
1066 3098 1272 3192 Brunonis
1298 3100 1340 3186 in
1364 3101 1493 3187 eadem
1511 3098 1584 3188 vill
1611 3167 1622 3188 .

602 3273 701 3405 Nos
717 3261 755 3338 in
783 3263 850 3340 Dei
874 3265 1021 3340 nomine
1047 3266 1152 3342 Brun
1166 3265 1206 3342 &
1226 3263 1452 3343 Adelbertus
1474 3292 1541 3367 pro
1555 3265 1719 3344 remedio
1739 3261 1848 3340 anima

686 3366 903 3442 Erkenberti
918 3367 957 3444 &
990 3369 1122 3444 matris
1156 3368 1228 3446 suae
1253 3369 1438 3444 donamus
1471 3369 1520 3446 ad
1548 3370 1714 3447 santium
1742 3358 1849 3443 Christi

602 3484 806 3564 martyrem
823 3469 1101 3546 Nazarium&c.
1130 3471 1851 3584 inpagassohndwfimvfflgnm

600 3571 736 3668 unitur
754 3571 987 3668 „omniumr
1014 3563 1850 3672 velumusuana-mansos‘jjfflttmnsu

599 3667 1852 3778 munuumnnanamantuantcturnaumu.terr-²

600 3775 989 3893 aratoriamsswfflta
1002 3776 1354 3895 ad..uatradas.imi
1376 3772 1493 3895 xjigin
1513 3768 1857 3884 unumunurm

347 4060 351 4068 ,
599 3877 1629 4081 rastagvmdsgffl
1584 3879 1901 4161 antu

787 4155 789 4160 .
1715 4099 1817 4158 ouum
