4000 5417
523 494 573 583 4⁶
770 514 773 523 ·
822 512 827 521 ·
895 458 1411 603 commanentem

524 790 595 866 bus
608 788 797 890 potiantur
811 786 959 863 arbitrio
979 785 1134 863 faciendi
1150 840 1161 875 ‚
1177 786 1224 863 dr
1236 787 1362 863 nullus
1376 788 1552 885 quislibet
1562 812 1611 865 ex
1623 790 1795 869 fidelibus

526 891 658 968 snnae
678 890 747 965 Dei
760 888 921 966 ecclesiae
938 943 948 976 ,
973 888 1013 965 u
1027 888 1155 979 nostris
1169 890 1214 963 de
1227 888 1447 988 praescriptis
1461 892 1571 967 rebus
1585 898 1793 971 memorato

529 993 627 1069 fideli
640 991 758 1067 nostro
772 989 970 1087 &conjugi
984 990 1096 1067 rnna
1116 991 1221 1066 nobis
1239 991 1411 1065 concellis
1433 994 1573 1090 aliquid
1587 992 1793 1072 abstrahere

529 1110 595 1171 aut
615 1094 780 1169 minuere
802 1106 981 1192 temptet,
1010 1090 1070 1167 led
1084 1092 1194 1167 liceat
1206 1071 1259 1167 eis
1285 1093 1377 1191 ipsas
1391 1113 1449 1169 res
1474 1096 1595 1191 quiete
1607 1094 1742 1172 habere
1755 1097 1796 1173 dt

526 1196 722 1297 pollrdere,
747 1194 786 1270 dr
800 1196 861 1269 cui
875 1194 1082 1279 voluerint,
1104 1191 1186 1288 jure
1199 1193 1432 1272 haereditario
1445 1197 1659 1293 relinquere.
1687 1199 1739 1272 Et
1751 1212 1794 1275 ut

526 1298 609 1374 haec
624 1296 820 1373 austoritas
844 1295 1048 1391 largitionis
1062 1294 1190 1370 nostrae
1206 1319 1271 1394 per
1294 1296 1476 1372 curricula
1495 1320 1677 1373 annonam
1698 1298 1795 1375 invi·

526 1400 701 1475 olabilem
722 1411 831 1495 atque
848 1395 1097 1472 inconvulsam
1120 1412 1297 1495 perpetuo
1313 1398 1477 1473 obtineat
1494 1396 1728 1489 firmitatem,
1754 1400 1796 1478 tc

528 1498 733 1577 abdelibus
748 1500 874 1575 nostris
887 1510 967 1573 tam
981 1496 1218 1596 praesentibus
1239 1520 1354 1595 quam
1366 1498 1578 1588 drinonis,
1603 1500 1663 1575 seu
1676 1504 1794 1576 etiam

528 1626 551 1677 a
568 1598 822 1677 successoribus
835 1600 961 1675 nostris
975 1622 998 1673 a
1012 1599 1120 1674 nobis
1134 1600 1229 1675 faita
1255 1600 1378 1675 verius
1390 1595 1599 1699 certiusque
1611 1603 1793 1691 credatur,

528 1727 613 1781 eam
635 1727 748 1779 manu
759 1703 905 1817 propria
929 1699 1297 1790 subterfirmavimus,
1321 1701 1362 1779 dr
1375 1703 1478 1778 anuli
1492 1703 1600 1778 nostri
1623 1704 1795 1803 imprellr·

360 1830 413 1878 11.
426 1809 495 1884 Jan.
528 1830 598 1881 one
612 1804 744 1901 signari
751 1805 929 1901 Juffimus.
984 1798 1201 1881 Helisachar
1214 1804 1420 1899 recognovi.
1443 1805 1543 1885 Data
1564 1806 1614 1881 ΙΙΙ
1636 1805 1718 1886 idus
1732 1806 1794 1906 Ja-

391 1910 466 1983 815·
528 1909 667 1994 nunrii,
694 1931 809 1994 anno,
836 1902 978 1982 Christo
994 1904 1173 2002 propitio,
1198 1906 1317 2004 primo
1345 1906 1488 2005 imperii
1507 1906 1649 1982 domiui
1672 1909 1796 1983 Ludo-

528 2010 613 2087 wici
627 2008 767 2109 piilbmi
782 2007 1013 2106 imperatoris
1027 2003 1197 2102 Augusti,
1216 2006 1409 2083 inditiione
1426 2006 1488 2105 vij.
1515 2006 1655 2085 Alium
1667 2010 1796 2107 Aquis·

524 2114 633 2208 grani
647 2111 785 2212 palatio
800 2108 900 2207 regio
916 2109 955 2183 in
971 2108 1049 2183 'Dei
1064 2109 1211 2186 nomine
1228 2109 1388 2185 feliciter
1399 2134 1518 2187 amen.

527 2307 828 2483 Venerabilis
858 2315 1000 2422 itaque
1029 2308 1269 2442 Einhardus
1297 2313 1357 2442 ob
1377 2310 1579 2441 honorem
1602 2308 1717 2441 simul
1747 2270 1806 2396 &⁴

640 2450 828 2509 amorem
863 2420 1186 2509 excellentrffimr
1222 2420 1360 2512 Caroli
1385 2422 1430 2509 dr
1460 2419 1618 2536 pullrmr
1654 2420 1797 2509 Ludo·

528 2536 625 2625 wici
642 2540 943 2651 imperatorum
960 2536 1184 2650 praefatum
1208 2532 1346 2621 locum
1363 2534 1407 2620 dr
1432 2530 1578 2619 cellam
1605 2529 1797 2625 Micblen·

506 2646 606 2759 ‘stat
631 2675 727 2734 cum
757 2642 838 2732 suis
859 2650 1121 2761 pertinentiis
1148 2639 1489 2737 Laureshamenfi
1515 2642 1708 2753 tradidit,
1737 2668 1798 2736 at·
1938 2743 1944 2752 ,

525 2786 611 2874 que
629 2789 703 2876 per
727 2758 965 2873 hujusmodi
986 2760 1275 2850 testamentum
1302 2758 1580 2849 confirmavit.

607 3103 787 3197 Donatio
812 3104 1016 3197 Einhardi
1028 3107 1077 3193 de
1095 2974 1468 3217 affiliationem
1484 3106 1538 3203 E?
1554 3108 1711 3196 Immae.

529 3271 732 3412 Dominus
748 3296 790 3349 ac
805 3274 1013 3373 redemptor
1030 3272 1147 3349 noster
1161 3275 1398 3373 corporaliter
1419 3272 1458 3347 in
1481 3269 1585 3345 terris
1605 3272 1800 3355 conuersa·

450 3428 454 3434 .
609 3368 688 3462 tus,
714 3375 881 3450 homines
898 3376 1011 3451 variis
1034 3389 1270 3475 peccatorum
1295 3374 1458 3449 sordibus
1490 3372 1696 3469 inquinatos
1716 3397 1798 3449 am·

461 3484 462 3489 ’
529 3496 676 3549 monere
690 3476 862 3570 dignatus
876 3476 942 3565 est,
969 3479 1119 3554 dicens:
1146 3478 1231 3553 date
1245 3474 1499 3562 elemofinam,
1524 3473 1561 3550 dt
1575 3498 1658 3549 ecce
1672 3475 1800 3551 omnia

528 3574 669 3650 munda
696 3574 777 3653 sunt
792 3578 922 3669 vobis,
949 3578 988 3655 dr
1009 3580 1172 3655 iterum:
1199 3577 1310 3654 facite
1324 3578 1429 3671 vobis
1450 3576 1589 3652 amicos
1609 3578 1653 3651 de
1678 3600 1801 3653 mam·

527 3699 640 3753 mona
655 3677 881 3775 iniquitatis,
908 3681 970 3779 qui
982 3704 1050 3757 vos
1066 3680 1246 3781 recipiant
1260 3682 1297 3755 in
1311 3700 1449 3756 aeterna
1465 3678 1714 3754 tabernacula.
1741 3679 1799 3755 Id·

528 3778 624 3853 circo
650 3803 718 3853 nos
731 3780 769 3855 in
791 3780 897 3879 ipsius
924 3782 993 3857 Dei
1013 3782 1300 3883 omnipotentis,
1326 3781 1364 3857 dt
1379 3780 1446 3855 ista
1463 3776 1628 3875 jubentis
1652 3780 1799 3856 nomine

528 3881 776 3957 Erunnaous
788 3880 828 3957 δι
856 3882 973 3957 lmnrn
987 3884 1093 3959 simul
1107 3885 1153 3958 de
1171 3884 1285 3959 salute
1301 3883 1510 3959 ammarum
1523 3882 1728 3957 nostrarum
1740 3904 1799 3955 co·

531 3984 715 4079 gitantes,
742 3982 781 4059 &
802 3984 846 4057 de
869 3982 1057 4059 abolendis
1076 3984 1237 4083 peccatis
1258 3984 1388 4060 nostris
1403 3984 1597 4080 beataeque
1618 4006 1662 4059 ac
1674 3989 1800 4081 perpe'-

531 4091 606 4161 tuae
620 4082 709 4162 vitae
729 4084 878 4201 premiis
895 4085 1152 4186 consequendis
1172 4087 1253 4189 pari
1278 4086 1472 4172 devotione
1490 4081 1812 4263 tradantgstahoc
