4000 5417
499 431 573 505 342
988 403 1342 486 Tanurrrouns

504 710 585 796 tiis,
600 709 724 807 aquis,
750 731 976 806 aquarumve
999 711 1225 803 decmsrbuS,
1252 714 1441 802 domibus,
1457 714 1639 805 aedificiis,
1654 731 1778 798 totum

502 811 549 888 de
567 809 648 908 jure
671 834 754 886 meo
776 811 816 886 in
832 811 895 907 jus
916 813 1181 891 &dominium
1203 815 1312 890 sandi
1337 815 1488 893 Nazarii
1511 822 1633 910 trado,
1662 835 1777 919 atque
1804 814 1807 818 ’

502 913 720 990 transfundo
745 914 1008 1012 perpetualiter
1038 915 1087 990 ad
1115 915 1388 1015 poffidendum,
1431 913 1475 996 ὅ
1497 923 1632 1018 reliqua
1653 945 1773 1020 usque:

326 1042 355 1088 1.
363 1020 451 1106 Aug.
504 1016 641 1092 Adum
670 1015 708 1090 in
743 1016 960 1092 monasterio
991 1017 1204 1092 lauresham
1233 1019 1378 1118 publice
1401 1020 1580 1098 kalendas
1606 1021 1774 1119 Augusti.

503 1117 661 1214 Signum
672 1116 895 1217 Riphuuini‚
923 1119 985 1215 qui
999 1117 1097 1194 hanc
1112 1117 1347 1200 donationem
1366 1121 1473 1211 fecit,
1499 1121 1643 1219 signum
1659 1125 1776 1202 Giiel·

491 1219 639 1307 'helmi,
664 1217 871 1307 Duodonis,
897 1219 1092 1316 sigefridi,
1107 1221 1329 1310 Dietheimi,
1344 1221 1526 1311 Bubonis,
1549 1225 1776 1316 Hiidibaidi,

506 1319 735 1407 Dietmanni,
765 1318 960 1410 Albsteini,
986 1322 1194 1442 Heidungh
1220 1323 1417 1420 eginonis,
1448 1323 1687 1422 sigemundi,
1711 1327 1774 1412 zi·

368 1457 380 1470 ·
505 1422 674 1503 limundi.
726 1421 810 1518 Ego
830 1419 1038 1503 Altuunus
1063 1437 1216 1522 rogatus
1241 1425 1370 1527 scripu.

1041 1627 1225 1722 ech.

493 1843 501 1858 ,
528 1753 708 1847 Donatio
724 1752 946 1885 Gisellrelmi
963 1755 1005 1845 in
1020 1761 1150 1848 eudem
1166 1759 1280 1866 uilia,
1297 1789 1399 1851 auno
1419 1762 1527 1858 IIII
1537 1761 1654 1879 regni
1668 1761 1750 1859 Lu·

667 1866 815 1956 douai
829 1869 901 1984 pii
917 1871 1195 1987 imperatoris,
1220 1875 1436 1990 Adaluago
1453 1880 1604 1968 abbate.
1728 1881 1745 1896 ”

508 2045 610 2176 Ego
623 2035 663 2111 in
683 2034 754 2111 Dei
767 2037 917 2112 nomine
932 2037 1138 2140 Gisalhelm
1156 2063 1223 2142 pro
1243 2042 1407 2120 remedio
1421 2044 1560 2122 animae
1575 2068 1669 2126 meae
1681 2043 1777 2124 dono

587 2137 635 2212 ad
651 2137 813 2213 ianstum
828 2137 960 2215 Christi
975 2155 1181 2240 martyrem
1196 2144 1417 2234 Nazarium,
1443 2145 1506 2244 qui
1526 2148 1720 2243 requiescit
1737 2149 1778 2224 in

509 2231 725 2315 monasterio
742 2239 991 2330 Lauresham,
1017 2243 1090 2319 hoc
1104 2243 1175 2334 est,
1201 2267 1280 2322 rem
1302 2268 1426 2321 meam
1442 2245 1458 2340 j
1480 2247 1669 2323 ecclefiam
1688 2271 1776 2323 cum

511 2342 686 2449 reliquie,
713 2341 753 2419 δι
766 2340 926 2418 eundem
940 2345 1133 2436 mansum,
1156 2346 1194 2420 in
1217 2370 1289 2444 qun
1303 2345 1377 2458 ipsa
1391 2345 1617 2421 ecclefiassta
1631 2345 1698 2432 est,
1723 2346 1773 2420 ad

509 2442 695 2538 integrum
707 2467 731 2522 a
744 2443 803 2520 die
816 2444 993 2545 praesente
1009 2448 1055 2523 de
1063 2445 1144 2542 jure
1158 2468 1241 2521 meo
1255 2447 1294 2520 in
1303 2443 1624 2541 Jus&dominium
1638 2445 1773 2546 pretio-

509 2543 627 2619 fiffimi
653 2547 828 2642 martyris
856 2547 1033 2636 Nazarii,
1066 2543 1109 2624 ὅ
1131 2549 1266 2644 reliqua
1293 2549 1406 2621 omniu
1424 2559 1465 2622 ut
1508 2571 1627 2644 upra,
1654 2569 1775 2644 usqae:

327 2680 380 2730 aa.
395 2658 470 2736 Jun.
510 2643 649 2722 Anum
671 2647 709 2722 in
730 2646 947 2724 monasterio
967 2646 1178 2726 lauresham
1201 2648 1256 2723 XI
1279 2649 1459 2724 kalendas
1475 2543 1644 2744 Augusti.
1694 2649 1779 2746 Sig-

508 2771 601 2826 num
615 2747 846 2837 Giselhehni,
872 2752 937 2848 qui
950 2749 1046 2827 hanc
1062 2749 1301 2826 donationem
1312 2748 1392 2824 fieri
1407 2749 1446 2826 dr
1460 2747 1602 2824 firmari
1623 2752 1780 2846 rogavit,

487 2849 653 2946 *signum
672 2851 910 2942 Eberhelmi,
935 2851 1141 2941 Hucberti,
1166 2850 1338 2938 Udiloiii,
1363 2849 1571 2938 Woifheri,
1597 2850 1780 2938 wilfridi,

509 2954 699 3042 Gundoid,
724 2951 936 3041 Adalberti,
963 2951 1161 3042 Rutberti,
1187 2951 1351 3040 Ernusti,
1378 2949 1595 3049 Engiiberti.
1647 2953 1729 3050 Ego
1742 2953 1781 3030 in

382 3098 385 3106 ·
508 3053 550 3130 in
574 3055 644 3134 Dei
667 3057 815 3136 nonuue
839 3055 1049 3135 Altuuinus
1073 3054 1279 3133 monachus
1305 3050 1434 3156 scripsi.

509 3390 688 3487 Donatio
697 3389 917 3482 Adalum'ui
927 3388 968 3479 iu
978 3255 1237 3494 ,ffiffi’
1245 3421 1348 3481 aaran
1358 3390 1407 3487 V
1401 3391 1506 3493 IIII
1509 3389 1626 3506 regni
1635 3386 1780 3477 domiai

574 3503 913 3617 nrrsiriLudowici
920 3503 991 3620 pii
1007 3505 1357 3621 imperatoris(a)
1373 3505 1549 3596 Samuele
1567 3503 1718 3592 abbate.

319 3757 323 3764 ,
356 3759 364 3769 ,
510 3673 569 3812 Si
583 3673 721 3771 aliquid
734 3697 783 3748 ex
798 3670 1037 3749 facultatibus
1060 3670 1189 3748 nostris
1210 3673 1258 3748 ad
1273 3673 1354 3748 ioca
1374 3671 1578 3748 sandorum
1601 3669 1783 3745 condona·

580 3798 684 3864 mun,
710 3773 919 3851 mercedem
934 3774 1034 3874 apud
1049 3773 1252 3852 Dominum
1267 3775 1306 3851 in
1321 3773 1447 3854 futura
1460 3771 1709 3951 retributiolueer
1716 3771 1783 3846 ha-

1709 3897 1731 3948 e

549 4009 630 4116 (a)x
640 4031 734 4097 Error
755 4031 900 4098 monachi
924 4025 1068 4095 Lauriah.
1089 3986 1211 4111 ignari,
1230 4027 1430 4095 Ludovicum
1454 4017 1546 4112 pium
1567 4028 1641 4109 imp.
1655 4039 1683 4086 a.
1705 4031 1788 4120 848»

593 4137 659 4200 quo
667 4119 794 4222 traditio
806 4119 874 4186 haec
881 4115 964 4185 fasta
971 4115 1026 4197 est,
1034 4115 1098 4200 jam
1105 4113 1198 4187 fu'uffe
1205 4114 1409 4201 derandum,
1419 4106 1790 4202 iocumqueregnandun
