4000 5417
566 445 639 538 17⁶
792 485 793 492 κ
940 437 1507 518 ennonnrcmrn·

560 605 739 622 -
1094 606 1832 632 -“-Ἣ

563 657 1125 674 ”tu—*nn
1658 663 1833 680 ὴ

563 743 819 818 benedidionis
835 746 1019 839 gratiam,
1045 746 1285 842 omniumque
1301 762 1537 846 peccatorum
1560 747 1709 822 suorum
1732 749 1830 824 abso·
1918 761 1921 766 ’

565 846 743 919 lutionem
759 845 796 921 δι
812 847 1093 942 indulgentiam,
1120 848 1158 924 &
1174 849 1326 924 coelestis
1343 852 1431 926 vitae
1456 850 1723 929 beatitudinem
1748 875 1831 926 cum

565 945 694 1021 sanitis
715 947 752 1023 δι
767 949 889 1022 electis
914 975 936 1024 a
953 948 1272 1024 misericordiffimo
1298 952 1459 1026 Domino
1485 955 1563 1027 Deo
1579 953 1698 1026 nostro
1712 955 1830 1028 conse-

565 1050 626 1144 qui
642 1064 830 1124 mereatur
846 1051 882 1124 in
900 1051 1034 1128 saecula
1051 1051 1267 1128 saeculorum
1282 1077 1406 1128 amen.
1438 1055 1541 1129 Bene
1558 1057 1694 1131 valete·
1736 1057 1830 1130 Data
1870 1051 1878 1064 ’

561 1149 789 1226 Xkalendas
816 1153 1054 1241 Novembris,
1080 1160 1315 1251 per'manum
1341 1156 1439 1232 Petri
1453 1156 1614 1243 diaconi,
1640 1156 1828 1231 bibliothe-

382 1273 435 1337 23.
451 1253 521 1320 on.
562 1253 651 1326 carii
668 1253 706 1328 &
723 1255 933 1331 cancellarii
951 1256 1080 1330 sanitae
1096 1255 1301 1353 apostolicae
1317 1258 1436 1347 sedis,
1463 1281 1560 1335 anno
1575 1258 1717 1334 domini
1742 1261 1828 1334 Leo

395 1361 489 1424 1049·
561 1355 618 1428 nis
635 1355 722 1430 noni
737 1378 843 1454 papae
859 1358 886 1445 1,
913 1357 1104 1431 indistione
1118 1357 1181 1432 ΠΙ.

352 1547 552 1618 *DedFren
563 1564 726 1730 Anno
742 1541 773 1618 s*
789 1561 1025 1647 Dominicae
1042 1561 1349 1647 incarnationis.
1370 1621 1403 1659 .,
1420 1559 1519 1648 Post
1535 1559 1745 1648 excessum
1763 1592 1827 1650 ve

634 1705 636 1710 ·
672 1673 843 1758 nerandi
862 1675 905 1760 dc
934 1674 1030 1760 Deo
1047 1673 1159 1788 digni
1173 1677 1303 1788 patris
1320 1673 1486 1786 Ugonis
1514 1673 1726 1761 Amoldus
1744 1673 1826 1761 sub·

560 1805 738 1896 rogatur
758 1815 769 1880 3
799 1789 912 1897 quia
958 1788 1095 1887 rimis,
1122 1810 1172 1871 ut
1186 1790 1246 1872 ita
1263 1786 1421 1888 dicam,
1451 1784 1636 1872 infantiae
1653 1792 1824 1876 cunabu-

565 1891 616 1979 lis
634 1899 676 1978 in
694 1900 707 1979 i
738 1891 780 1980 so
799 1813 1046 1984 monasserio
1056 1895 1334 2025 spiritualibus
1352 1899 1600 1985 rudimentis
1619 1901 1825 2002 educatus

563 2009 686 2094 bonae
703 1925 787 2124 ssaei
799 2014 986 2113 juvenis,
1005 2013 1047 2095 in
1065 2010 1197 2098 virilis
1219 2013 1347 2095 animi
1363 2013 1491 2097 robur
1509 2013 1636 2104 evasit
1654 2075 1666 2115 ,
1695 2043 1743 2098 ac
1758 2043 1826 2128 per

427 2135 431 2146 “
477 2215 481 2220 ,
529 2141 708 2236 'omnes
724 2122 975 2234 dignitatum
991 2125 1147 2237 gradus
1164 2120 1308 2209 senfim
1324 2119 1545 2210 ascendens
1564 2123 1772 2239 plantatus
1786 2129 1826 2210 in

436 2261 437 2264 ‘
561 2233 689 2318 domo
717 2235 911 2337 Domini,
932 2238 974 2320 in
991 2240 1109 2321 atriis
1129 2237 1278 2321 domus
1297 2237 1380 2323 Dei
1394 2237 1521 2322 nostri
1537 2237 1690 2324 floruit.
1717 2239 1824 2325 Nam

559 2348 745 2459 primum
770 2375 795 2429 a
820 2348 1103 2462 praeposrturae
1132 2350 1354 2434 ministerio
1380 2350 1734 2466 Wizenburgenfis
1759 2377 1822 2432 ec·

560 2456 689 2546 clesrae
708 2461 898 2571 regimini
918 2459 1128 2574 praelatuS,
1147 2462 1283 2576 postea
1306 2461 1616 2574 Limburgenfis
1635 2461 1822 2548 monaste·

452 2655 461 2669 ,
561 2573 613 2658 rii
631 2597 804 2673 curam,
835 2601 882 2656 ac
901 2571 1070 2659 subinde
1095 2604 1219 2661 novae
1248 2574 1440 2685 Corbejae
1469 2576 1714 2689 dignitatem
1738 2572 1825 2660 loeo

461 2701 465 2708 ·
592 2685 718 2768 ariter
746 2683 790 2770 ὅ(
811 2684 947 2769 officio
966 2687 1127 2773 abbatis
1145 2686 1317 2773 sortitus
1334 2688 1411 2785 est3
1439 2717 1516 2773 nec
1532 2687 1667 2775 multo
1682 2688 1766 2803 post
1786 2690 1825 2770 in

561 2710 949 2884 saureshammenfi
965 2801 1213 2885 monasterio
1232 2798 1339 2884 silius
1358 2831 1383 2885 a
1399 2824 1534 2886 matre
1552 2805 1595 2886 in
1614 2803 1825 2886 dominum

449 2965 457 2980 .
562 2907 786 3021 &patrem
806 2905 1069 3014 sublimatur,
1098 2913 1143 3000 dr
1162 2913 1215 2997 ad
1233 2935 1476 2998 extremum
1494 2915 1536 2997 in
1565 2914 1742 3029 Spirensi
1766 2939 1827 2994 ec·

564 3017 680 3104 clesra
704 3020 937 3134 pontificale
972 3023 1138 3110 culmen
1166 3021 1418 3128 ascendam,
1462 3027 1734 3111 ficut‘cedrus
1759 3025 1829 3112 Li-

563 3133 660 3216 bani
685 3131 984 3248 multiplicatur
1004 3167 1015 3233 3
1046 3141 1245 3222 nimirum
1261 3168 1287 3220 a
1316 3161 1387 3226 tot
1411 3135 1655 3252 dignitatum
1692 3133 1828 3222 titulis

561 3272 647 3328 non
667 3265 831 3330 tantum
850 3251 1056 3446 accigaiens
1082 3248 1285 3334 honorem
1295 3254 1487 3448 sraemii’
1516 3271 1716 3361 quantum
1746 3243 1831 3332 illis

564 3356 727 3442 decoris
747 3358 913 3464 ¹addens
956 3364 1012 3446 ui.
1069 3363 1154 3447 Hic
1185 3361 1293 3447 eccle
1310 3392 1423 3465 ram,
1450 3391 1545 3477 quae
1561 3362 1708 3448 dicitur
1746 3360 1833 3450 Vn·

563 3467 658 3570 riu,
688 3498 764 3584 per
789 3471 978 3560 Leonem
1024 3502 1146 3588 apam
1163 3471 1461 3590 supradisium,
1486 3479 1563 3588 'qui
1605 3505 1649 3560 er
1667 3474 1710 3559 id
1726 3497 1834 3560 tem·

561 3585 677 3696 poris
706 3585 960 3696 Magontiae,
992 3587 1133 3697 ynodo
1155 3587 1326 3691 habita,
1352 3588 1485 3675 multa
1502 3503 1658 3675 ibisdm
1685 3587 1739 3673 de
1769 3615 1835 3670 ec·

379 3695 391 3794 j
481 3740 488 3746 ·
563 3694 787 3782 clesrasticis
805 3694 1081 3784 sanctionibus
1098 3696 1325 3816 disposuit,
1354 3707 1395 3786 in
1413 3703 1573 3788 honore
1598 3696 1731 3790 sensti
1758 3701 1840 3791 Dei
1975 3754 1978 3771 ·

565 3811 775 3920 genitricis
794 3813 964 3914 Mariae,
983 3817 1173 3898 omnium
1203 3843 1256 3900 ue
1283 3814 1586 3932 apostolorum,
1604 3842 1652 3904 at
1683 3845 1740 3902 ue
1756 3842 1841 3900 om·

562 3922 680 4008 nium
699 3919 816 4009 sunus
844 3919 1081 4014 sandomm
1106 3841 1333 4016 corsecrari
1342 3931 1622 4046 impetravit,
1652 3845 1841 4129 sillldka·

538 4075 540 4080 ·
1693 4073 1790 4128 en.
