4000 5417
307 1569 311 1577 .
386 1487 435 1575 L
460 1483 1256 1603 Hudienusdonationesimperutorum
1272 1488 1506 1622 principum

342 1526 478 1757 &933³
553 1593 1504 1718 acspeciabiiiumpersonarumprivrlegiaquo·
1613 1605 1621 1616 '

267 1743 270 1760 ·
290 1720 342 1769 ³
361 1712 366 1735 '
388 1728 448 1771 ⁸³³
551 1740 635 1824 que
651 1706 1006 1800 Laurisharnenfis
1023 1715 1219 1815 ecclefiae,
1239 1737 1329 1800 tam
1348 1713 1504 1828 aposto·

236 1826 318 1915 lica
335 1853 464 1938 quam
481 1822 731 1938 imperialia,
760 1819 835 1908 suo
823 1821 1085 2020 ίἓίἓιείΐιηωε
1114 1825 1257 1910 ordine
1275 1854 1287 1921 3
1314 1851 1424 1908 nunc
1451 1823 1505 1908 ad

235 1934 419 2027 diversas
443 1935 592 2026 Christi
616 1933 800 2022 fidelium
921 1937 1098 2038 tiones,
1127 1963 1202 2052 per
1227 1930 1412 2023 diversos
1433 1959 1503 2045 pa·

234 2051 375 2166 gos&
392 2051 651 2164 provincias,
679 2051 723 2134 in
737 2045 909 2135 diversis
925 2045 1029 2134 locis
1046 2076 1095 2132 ac
1115 2049 1306 2135 terminis
1316 2041 1502 2132 transcri-

234 2163 391 2249 bendas
419 2163 712 2274 accingamur,
741 2163 815 2246 ubi
835 2156 1033 2244 tectorem
1061 2164 1197 2292 prima
1222 2157 1361 2246 fronti.²
1396 2184 1502 2273 prae-

232 2275 449 2376 struimus,
472 2276 613 2358 omnia
627 2273 902 2357 traditionum
924 2272 1101 2358 exordia
1126 2293 1319 2358 retexere
1345 2266 1500 2355 laboris

232 2385 310 2473 else
325 2382 547 2502 superflui,
575 2380 809 2500 praesertim
825 2409 924 2468 cum
942 2387 1133 2471 omnium
1150 2381 1218 2471 vel
1245 2381 1412 2483 eadem,
1431 2379 1501 2469 vel

231 2529 316 2586 non
343 2495 523 2586 muitum
551 2492 713 2586 diversa
742 2495 791 2581 fit
815 2497 1136 2599 convenientia,
1172 2492 1242 2581 sed
1264 2497 1404 2610 potius
1422 2518 1501 2577 nos

233 2609 442 2728 legitimas
477 2609 752 2698 traditionum
789 2603 1118 2712 sollemnitatem
1162 2605 1321 2693 formas
1374 2625 1501 2718 atque

233 2723 385 2812 modos
414 2784 427 2824 ,
473 2723 803 2834 testatorumque
839 2748 888 2805 ac
916 2721 1081 2808 testium
1117 2723 1316 2822 nomina,
1353 2725 1502 2833 regum

233 2832 353 2919 simul
369 2889 381 2932 ‚
397 2859 448 2913 ac
472 2834 775 2943 imperatorum
795 2851 882 2916 tem
939 2864 1010 2936 ra,
1035 2830 1157 2949 plena
1185 2829 1265 2918 fide
1299 2825 1502 3028 persepui.

234 2943 436 3034 Ceterum
462 2943 744 3054 precariarum
767 2947 1059 3030 transcribere
1087 2939 1289 3029 formulas
1315 2945 1409 3026 ocio
1426 2969 1502 3028 um

233 3055 466 3155 duamur,
493 3081 546 3136 eo
564 3051 678 3251 Ἃιοά
700 3055 714 3134 i
743 3045 799 3172 sae
817 3079 885 3138 res
903 3056 1084 3171 prestitae
1102 3052 1185 3142 suis
1209 3055 1502 3142 traditionibus

234 3165 354 3256 inseri
383 3191 441 3253 tae
458 3164 535 3252 fint

236 3195 413 3380 amutii,
442 3281 516 3394 qui
541 3227 627 3362 eas·
647 3301 835 3391 precario
860 3299 1135 3396 acceperant,
1162 3283 1252 3369 vim
1279 3278 1323 3365 δι
1360 3277 1502 3363 locum

236 3388 459 3480 miserint
516 3391 649 3480 Iitur
673 3417 699 3472 a
723 3415 852 3477 Pano
880 3391 1128 3492 Rnucum,
1171 3395 1214 3476 in
1251 3417 1338 3502 quo
1367 3387 1501 3502 ipsum

235 3503 520 3700 Lapireshame
565 3532 589 3589 e
616 3501 740 3588 fitum
764 3499 822 3587 est
845 3504 1171 3604 monasterium,
1198 3499 1410 3589 sumamus
1429 3525 1503 3592 ex·

236 3644 287 3700 or
329 3642 415 3702 um.
1176 3627 1185 3648 '

726 3191 803 3296 em⁰
810 3170 1009 3280 precariae
1028 3167 1110 3256 five
1129 3168 1346 3284 praestariae
1364 3185 1501 3252 morte

1236 4049 1449 4151 CLXVII.
