4000 5417
532 489 590 548 ru
619 488 741 545 erno
766 467 1144 554 Loaonuueusr.
1397 493 1478 574 515

202 687 378 704 m

202 772 322 864 cemb,
341 796 436 848 anno
451 771 569 869 primo
588 771 689 866 regni
713 769 853 847 domini
867 770 978 846 nostri
1003 772 1132 847 Karoli
1152 772 1260 868 regis.
1313 765 1473 870 Signum

81 951 84 962 ,
202 874 380 950 Balduini
400 874 438 951 dt
463 873 638 949 Bernoini
660 924 670 959 ,
696 873 762 969 qui
781 874 879 948 hanc
901 873 1140 950 donationem
1163 873 1389 952 lecerunt&
1410 875 1474 950 fir·

202 976 299 1052 mati
324 989 574 1072 rogaverunt,
600 974 742 1068 signum
774 973 972 1070 sigefridi,
1000 975 1257 1064 Eberuuardi,
1283 975 1473 1066 Raduini,

202 1076 419 1166 RubboniS,
458 1076 703 1164 Erkenberti,
741 1074 948 1172 Soaringi,
980 1075 1192 1154 Heimerici.
1244 1077 1502 1165 Harilandus'

201 1177 349 1279 scripsit.

771 1275 916 1366 DLX.

286 1423 294 1434 '
342 1447 345 1453 ⁴
460 1405 641 1500 Donum
669 1405 871 1534 Rabbom‘s
899 1405 941 1494 in
966 1407 1094 1496 eadam
1109 1405 1217 1496 vida.

202 1576 363 1714 Eodem
389 1598 487 1651 anno
499 1598 570 1679 ego
596 1573 730 1651 Rubbo
755 1598 821 1676 pro
845 1575 981 1652 animae
1007 1599 1104 1668 meae
1123 1575 1285 1652 remedio
1302 1574 1401 1652 dono
1421 1575 1478 1656 ad‘
1516 1589 1518 1593 ’
1604 1632 1615 1644 ·

281 1678 443 1772 santium
469 1679 537 1752 Dei
555 1691 761 1773 martyrem
788 1677 992 1753 Nazarium
1005 1676 1077 1754 occ.
1104 1677 1175 1752 hoc
1199 1679 1249 1753 est
1268 1703 1385 1754 unum
1395 1675 1473 1774 jur·

202 1781 277 1856 nal.
292 1781 339 1855 de
355 1794 451 1856 terra
466 1781 629 1854 arenaria
651 1779 691 1853 in
717 1779 962 1853 Monmnlnim
980 1780 1076 1854 adie
1091 1778 1259 1877 praesenti
1284 1781 1402 1879 ipsum
1427 1782 1474 1858 de

197 1880 282 1978 jure
294 1903 378 1958 meo
394 1881 432 1955 in
450 1876 511 1975 jus
525 1880 874 1957 &dominationem
900 1879 1201 1957 sanctimonio
1227 1895 1338 1978 atque
1352 1894 1473 1957 trans·

112 2017 116 2051 l
160 2054 163 2060 ,
201 1983 316 2062 fundo
331 1984 371 2058 in
396 1983 466 2057 Dei
482 1983 630 2058 nomine
644 1983 908 2082 perpetualiter
923 1983 971 2058 ad
992 1982 1263 2100 possidendum,
1289 1997 1333 2059 ut
1352 1984 1474 2058 eidem

174 2115 175 2118 ¹
200 2086 398 2178 locoomni
413 2097 576 2182 tempore
590 2083 757 2182 proficiat
770 2086 809 2160 in
824 2098 1035 2182 augmentis
1060 2082 1471 2183 llipulatione‘subnixa.
1609 2160 1613 2169 ,

198 2185 337 2265 Adrum
354 2189 390 2261 in
406 2185 624 2261 monasterio
649 2187 865 2262 amanam
886 2186 1029 2282 signum
1054 2186 1272 2273 Rubbonis,
1298 2187 1362 2282 qui
1374 2187 1473 2262 hanc

198 2288 434 2362 donationem
461 2287 551 2363 fecit
571 2287 610 2362 dt
634 2286 775 2364 firmari
801 2289 955 2384 rogavit.
982 2287 1141 2384 Signum
1166 2288 1368 2381 Balduini,
1394 2289 1485 2364 Du·.

195 2390 322 2477 donis,
351 2388 524 2477 Heroldi,
551 2387 714 2481 Adonis,
741 2391 898 2486 Rutgeri
924 2389 1171 2479 Garamanni,
1198 2389 1377 2466 Uddonis.
1402 2391 1472 2465 Sa·

40 2505 44 2516 '
196 2491 301 2568 muel
324 2488 469 2592 scripsit
763 2545 767 2556 .

769 2587 932 2680 DLXI.

444 2718 624 2808 Donatio
653 2715 860 2808 Folcloldr'
887 2719 928 2805 in
960 2721 1091 2808 eodem
1114 2722 1221 2809 oilla.

193 2891 299 3021 Ego
317 2878 357 2955 in
383 2880 452 2954 Dei
466 2881 613 2956 nomine
627 2883 854 2958 Folcholdus
870 2884 966 2958 dond
981 2884 1205 2960 adrandum
1230 2882 1364 2960 Christi
1372 2905 1472 2959 mar·

276 2995 399 3079 tyrem
425 2980 628 3058 Nazarium
642 2981 712 3060 &n
740 2983 780 3057 in
805 2983 1050 3060 Mannanleim
1074 2983 1273 3085 campumj
1298 2987 1346 3062 de
1372 2999 1472 3065 terra

193 3085 373 3188 aratoria
387 3095 575 3159 tenentem
594 3080 730 3179 jurnal.
749 3109 790 3173 x,
814 3096 951 3162 terram
966 3087 1147 3163 incultam
1161 3088 1209 3162 ad
1224 3086 1340 3185 ipsum
1366 3110 1471 3175 cam,

192 3210 288 3307 pum
305 3187 569 3286 pertinentem,
593 3185 641 3260 acl
655 3185 839 3282 integrum
862 3189 957 3264 adIe
982 3187 1153 3288 praesenti
1170 3187 1307 3284 dejure
1331 3213 1416 3264 meo
1431 3189 1472 3264 in

186 3312 258 3390 Jus
273 3289 380 3366 santii
397 3288 444 3365 N.
472 3284 690 3363 transfundo
713 3288 753 3363 in
776 3289 848 3365 Dei
863 3291 1011 3366 nomine
1024 3290 1284 3390 perpetualiter
1296 3291 1346 3366 ad
1371 3289 1472 3386 polsi·
1570 3315 1575 3322 ·

96 3387 119 3430 ⁹
191 3393 362 3483 dendum
378 3389 607 3490 stipulatione
632 3388 799 3470 submxa.
851 3389 989 3467 Altum
1013 3393 1051 3468 in
1076 3390 1292 3466 monasterio
1317 3391 1470 3465 Laura-

190 3495 278 3570 saam
291 3494 469 3570 kalendas
484 3491 624 3568 octobr.
652 3515 749 3567 anno
764 3492 798 3568 ll
823 3494 926 3588 regni
941 3493 1081 3568 domini
1093 3491 1202 3566 nostrl
1226 3491 1352 3566 Karoli
1371 3490 1470 3590 regis
1511 3519 1541 3567 1.
1549 3496 1623 3578 08,

189 3592 356 3695 gloriosr.
409 3596 567 3692 Signum
582 3593 793 3682 Folcholdi,
819 3593 883 3692 qui
898 3594 994 3670 hanc
1010 3592 1253 3686 ,donationem
1267 3592 1372 3678 fecit,
1400 3589 1469 3688 sag-
1591 3655 1595 3662 .

190 3717 291 3773 num
317 3697 482 3785 Getulis,
508 3696 686 3784 Geroldi,
709 3693 915 3783 Raccheri,
942 3695 1151 3784 Irminoldi,
1166 3695 1256 3771 item
1269 3692 1470 3784 Raecheri,

38 3817 40 3824 ’
188 3795 407 3896 Egilberti,
431 3798 610 3900 Dud'onis.
661 3799 814 3898 Samuel
830 3794 976 3898 scripsit.

724 4123 981 4230 Tota·
1136 4228 1138 4237 ,
1233 4045 1465 4232 DLXIL⁶
1559 4193 1562 4200 .
