4000 5417
388 501 393 509 -
517 481 590 544 292
892 446 1401 538 connumeramus
1502 517 1508 553 ἶ

514 752 708 872 suspiria,
736 751 1001 869 lamentaque
1019 755 1210 840 omnium
1236 753 1426 858 fuerint,
1455 755 1616 848 facilius
1641 765 1698 850 est
1722 788 1782 852 ta·

516 869 649 958 tendo
659 869 876 978 conjicere,
891 896 1020 981 quam
1030 863 1163 953 multa
1180 866 1354 952 dicendo
1365 897 1516 986 parum
1532 873 1680 966 dicere,
1709 878 1781 967 Sic

517 979 695 1098 egressus
711 981 767 1066 est
784 1010 811 1064 a
828 979 910 1066 fitia
939 981 1056 1093 Syon
1071 982 1207 1064 omnis
1224 979 1352 1066 decor
1370 985 1488 1093 ejus,
1516 985 1569 1070 fic
1593 983 1780 1076 ’consum-

516 1119 591 1214 pta
605 1091 697 1181 sunt
722 1090 1167 1180 omniadesiderabisia
1185 1093 1296 1202 ejus,
1323 1093 1408 1180 diffi
1438 1098 1609 1210 avitque
1635 1101 1781 1189 Domi·

518 1239 598 1298 nus
624 1207 736 1321 quast
759 1205 934 1293 hortum
961 1207 1189 1291 tentorium
1214 1202 1334 1291 suum
1359 1268 1370 1307 ,
1398 1124 1622 1296 demolitus
1638 1213 1695 1298 est
1722 1238 1781 1302 ta·

463 1322 469 1332 '
517 1317 787 1409 bernacusum
803 1315 945 1415 suum;
973 1313 1142 1403 sednon
1157 1313 1421 1405 obliviscetur
1436 1317 1619 1408 misereri
1645 1324 1779 1430 DeuS,

517 1463 595 1520 nec
610 1423 837 1518 continebit
865 1434 906 1514 in
924 1435 985 1516 ira
1010 1423 1082 1513 sua
1109 1425 1409 1516 misericordias
1427 1426 1555 1518 suas·
1583 1434 1778 1532 uisitauit

516 1550 629 1632 enim
646 1548 687 1630 in
706 1548 825 1657 virga
836 1545 1081 1741 ffiuitates
1098 1569 1276 1646 eorum,
1303 1545 1351 1630 dt·
1365 1547 1407 1628 in
1425 1547 1666 1633 verberibus
1682 1577 1775 1662 pec·

515 1681 609 1745 cata
631 1685 806 1758 eorum,
883 1657 891 1673 '
913 1654 1160 1739 ericordiam
1187 1678 1330 1740 autem
1348 1654 1464 1743 suam
1483 1687 1567 1742 non
1592 1654 1774 1774 disperfit
1848 1684 1858 1706 ¹

417 1779 419 1782 ’
514 1769 707 1856 abeis&
725 1764 986 1882 paraclytum
1011 1762 1131 1851 suum
1149 1767 1352 1856 mifiteis.
1408 1769 1632 1882 Postquam
1646 1776 1774 1885 igitur

510 1903 599 1968 tam
624 1879 778 1992 inclyta
805 1879 851 1966 di
867 1901 955 1965 tam
969 1876 1141 1988 ⁴illustris
1181 1878 1454 1994 ecclesiaram
1483 1887 1602 1998 gravi
1625 1886 1772 1971 confla·

506 1996 646 2108 gravit
665 1991 875 2094 incendio,
894 1993 1093 2107 primum,
1108 2012 1159 2078 ut
1176 1989 1216 2079 se
1235 1991 1390 2085 habent
1409 1991 1609 2098 humana,
1638 2003 1772 2086 maxi·

505 2134 602 2193 mus
620 2103 759 2220 dolor,
788 2103 938 2190 dehinc
955 2133 1015 2200 ex
1031 2100 1176 2191 dolore
1222 2104 1382 2194 uaerula
1407 2104 1589 2194 causatio
1610 2139 1694 2195 non
1711 2106 1771 2198 so·

505 2216 594 2312 sum
623 2214 801 2303 ecclefiae
836 2212 1071 2320 familiam,⁴
1097 2213 1167 2303 sed
1266 2246 1435 2305 omnem
1463 2221 1650 2315 accendit
1673 2251 1768 2338 pro·

424 2379 425 2382 κ
504 2331 719 2434 vinciam,i
748 2351 957 2432 norontem
973 2335 1071 2442 quia
1077 2332 1161 2418 Dei
1172 2325 1425 2441 judiciasunt
1442 2329 1602 2440 abyssus
1618 2333 1766 2435 musta,

504 2443 681 2574 ideoque
739 2440 916 2529 serentes
940 2440 1292 2531 Lauresharnense
1311 2442 1552 2526 coenobium
1566 2447 1676 2527 tanti
1692 2474 1766 2531 no·
1819 2479 1824 2484 ·
1940 2531 1947 2540 ,

501 2559 659 2659 minis⁷
685 2557 791 2642 tanti
821 2559 960 2641 meriti
979 2577 1236 2666 martyrem,
1265 2555 1436 2638 beatum
1454 2550 1647 2639 videlicet
1675 2555 1764 2643 Na·

499 2671 691 2772 narium,
720 2696 803 2754 non
820 2665 971 2754 habere
990 2664 1056 2752 vel
1076 2668 1217 2778 potius
1235 2669 1478 2778 numquam
1489 2661 1666 2750 habuisse
1690 2681 1762 2782 pa·

395 2843 399 2853 -
496 2801 694 2886 tronum,
724 2783 841 2891 cujus
857 2784 899 2866 in
915 2799 1032 2864 tanto
1073 2777 1227 2863 ericulo
1254 2774 1498 2870 decl‘mando
1515 2807 1601 2862 non
1624 2773 1762 2866 senfis·

472 2985 476 2995 ⁸
495 2887 557 2980 set
575 2897 864 3008 patrocinium.
916 2890 1006 3002 Qui
1024 2804 1180 2975 dsiloris
1199 2886 1360 3004 gladius
1404 2891 1515 2972 riore
1533 2894 1701 3002 gravior
1709 2892 1763 2978 ad

496 3035 629 3122 usque
646 3010 807 3094 abbatis
823 3004 1086 3121 pertransivit
1097 3005 1292 3087 annnam.
1340 2917 1514 3090 dotus
1529 3030 1587 3088 ex
1599 2999 1673 3098 tasi
1693 3005 1761 3090 de·

494 3116 723 3234 speratione
746 3149 829 3204 non
858 3113 991 3203 solum
1012 3116 1188 3200 eandem
1208 3109 1418 3198 eccsefiam
1434 3113 1648 3220 restaurari
1673 3145 1760 3201 non

432 3251 437 3261 “
494 3231 624 3348 posse,
653 3228 722 3318 sed
739 3233 783 3320 d
800 3253 1007 3347 perpetuo
1023 3227 1191 3314 excidio
1219 3226 1432 3342 perditum
1448 3228 1523 3322 iri3
1551 3248 1670 3312 totus
1684 3229 1758 3340 igi·

357 3405 363 3414 ·
493 3368 563 3432 tur
592 3342 812 3433 conversus
850 3343 902 3428 ad
939 3343 1204 3438 Dominum,
1232 3341 1541 3424 communicato
1576 3329 1756 3425 fratrum

492 3456 686 3561 confisiO,
714 3455 951 3568 indistoque
977 3452 1104 3540 tridui
1127 3453 1313 3565 jejunio,
1341 3449 1516 3538 exclusis
1540 3453 1755 3555 omnibus,

491 3566 565 3656 sub
589 3592 752 3656 armata
778 3595 946 3682 quoque
975 3567 1185 3668 custodia,
1214 3568 1378 3677 nequis
1405 3587 1631 3653 extraneus
1649 3567 1755 3649 arbi·
1851 3589 1857 3597 ¹

392 3781 393 3784 p
492 3704 559 3768 ter
587 3685 884 3782 interveniret,
921 3683 1064 3794 paucis
1101 3678 1326 3779 adhibitis,
1362 3677 1451 3789 post
1475 3673 1604 3762 altare
1639 3679 1753 3762 beati
1897 3699 1902 3704 ’

489 3799 688 3909 martyris
718 3794 847 3882 infodi
873 3791 1114 3880 &humum
1142 3789 1263 3875 altius
1293 3790 1407 3900 egeri
1416 3791 1651 3903 praecepit,
1678 3792 1752 3919 ubi

465 3907 649 4042 ,diutino
668 3906 809 4041 labore
827 3901 1038 4108 εξέεηΐο,
1066 3902 1151 3987 duo
1177 3899 1349 4031 demum
1365 3896 1604 4014 sarchofaga
1631 3929 1748 3986 mirae

436 4069 440 4076 =
488 4021 806 4136 magrutuduus,
834 4015 856 4110 f
884 4123 891 4133 ⁶
920 4014 1098 4112 alterurn
1121 4009 1254 4102 altero
1279 4008 1492 4130 aliquanto
1506 4013 1745 4128 depreffiuu

1579 4150 1691 4241 repe·
