4000 5417
925 436 1107 518 Canou.
1135 455 1198 512 rr
1223 433 1439 517 Cannam

987 741 1213 834 uxum.
1344 685 1347 690 ’

364 958 367 966 ,
497 875 757 992 Praeceptum
775 873 886 989 ragis
906 903 991 990 pro
1021 871 1305 988 impetratione·
1323 870 1531 958 earumdem
1547 877 1767 988 curiarum,
1797 851 1801 856 .

859 989 935 1106 sad
949 987 1113 1103 frustra
1128 983 1301 1099 amiffirm
1330 984 1393 1096 est.

543 1177 736 1233 uuunnus
764 1155 834 1231 Dei
849 1155 969 1252 gratia
984 1157 1240 1231 Romanorum
1262 1174 1340 1227 rex.
1395 1151 1536 1230 Comiti
1549 1155 1596 1231 de
1610 1159 1768 1259 Saphar·

568 1257 665 1334 barch
688 1259 846 1355 gratiam
871 1257 975 1333 suam
995 1257 1169 1334 &omne
1201 1255 1351 1330 bonum.
1402 1255 1588 1353 Frequens
1618 1262 1667 1336 ad
1699 1285 1768 1338 nos

493 1359 615 1436 fidelis
629 1359 737 1435 nostri
764 1359 992 1447 Folcnandi‚
1017 1357 1241 1435 venerabilis
1253 1355 1417 1445 abbatis,
1443 1357 1482 1433 ἃ
1495 1365 1765 1441 monachorum

491 1461 895 1540 Laurishamme'nsrum
912 1461 1143 1560 querimonia
1157 1460 1300 1558 perlata
1311 1458 1380 1548 est,
1395 1461 1495 1555 quod
1508 1466 1648 1560 praedia
1662 1489 1765 1561 quae-

443 1609 451 1618 ·
493 1565 581 1640 dam
598 1565 646 1638 ad
660 1564 903 1639 cottidianam
918 1563 1078 1662 ipsorum
1104 1562 1341 1662 praebendam
1366 1563 1607 1660 pertinentia,
1634 1568 1763 1643 videli-

493 1679 556 1742 cet
580 1663 829 1741 Ramersboaen
851 1665 889 1742 dc
915 1665 1172 1763 trimsmrpa,
1198 1665 1237 1739 in
1262 1664 1395 1760 quibus
1409 1678 1452 1739 tu
1467 1665 1667 1744 advocatus
1683 1671 1761 1744 exi·

491 1765 581 1853 stis,
607 1788 672 1865 per
697 1766 914 1841 violentiam
947 1767 1180 1863 quorundam
1205 1765 1291 1865 ipfis
1311 1766 1504 1842 monachis
1535 1769 1762 1848 auferantur.

492 1867 612 1966 Super
626 1891 701 1966 quo
715 1867 951 1966 experientiae
966 1883 1043 1944 tuae
1069 1891 1133 1967 per
1152 1868 1344 1968 praesentia
1367 1868 1499 1968 scripta
1523 1874 1762 1962 mandamus,

492 1969 531 2046 dt
548 1963 611 2046 sub
628 1971 779 2044 obtentu
794 1972 923 2066 gratiae
946 1969 1076 2048 nostrae
1089 1972 1349 2070 praecipimus,
1375 1973 1551 2067 quatinus
1573 1974 1764 2074 postposita

491 2073 607 2148 totius
633 2070 876 2146 excusationis
900 2073 962 2148 vel
988 2095 1104 2148 morae
1120 2074 1302 2160 materia,
1329 2076 1618 2171 praenominatas
1632 2075 1763 2176 posses-

491 2172 608 2249 siones
623 2173 670 2248 ad
691 2195 844 2249 manum
870 2173 908 2251 dt
922 2174 1138 2273 potestatem
1152 2175 1319 2274 praeditu-
1338 2175 1490 2249 abbatis
1504 2175 1543 2250 dr
1562 2179 1763 2253 monacho·

492 2297 576 2350 rum
592 2275 813 2370 recolligas,
840 2299 907 2350 nec
921 2277 1088 2373 aliquam
1110 2277 1156 2350 de
1171 2291 1306 2351 caetero
1326 2275 1542 2349 violentiam
1562 2277 1609 2350 de
1624 2281 1761 2354 cunttis

490 2377 668 2451 reditibus
682 2376 736 2450 eis
749 2376 877 2452 inferri
900 2379 1106 2476 permittas.
1160 2373 1305 2465 Quodfi
1326 2375 1427 2449 idem
1448 2374 1632 2451 invasores
1654 2379 1759 2454 dixe·

379 2563 383 2574 .
490 2478 593 2565 rint,
620 2479 720 2574 quod
744 2481 894 2555 easdem
919 2480 1068 2556 villasa
1087 2479 1194 2554 nobis
1210 2476 1286 2553 &a
1305 2499 1418 2571 regno
1431 2475 1619 2568 habeant,
1645 2491 1687 2556 tu
1702 2481 1759 2556 ni-

491 2579 714 2655 chilominus
730 2581 767 2655 in
792 2579 1018 2680 diipofitione
1032 2580 1298 2657 monachorum
1313 2601 1378 2652 eas
1391 2576 1460 2652 eiie
1475 2577 1614 2669 facias,
1641 2603 1758 2678 quum
1844 2661 1851 2671 ,

378 2689 386 2702 ’
488 2679 529 2757 in
544 2681 741 2780 praesentia
756 2681 1021 2782 praedeceiioris
1043 2680 1151 2757 nostri
1177 2680 1369 2767 Lotharii,
1396 2703 1440 2754 ac
1462 2679 1692 2779 postmodum
1717 2687 1758 2762 in

488 2781 610 2860 nostra
627 2784 813 2860 manifeste
828 2786 1024 2884 probatum
1037 2782 1113 2874 est,
1138 2782 1289 2859 easdem
1304 2779 1525 2881 poffeffiones
1546 2785 1594 2860 ad
1619 2788 1757 2886 propri·

339 2957 346 2976 ,
488 2885 627 3008 etatem
642 2883 682 2964 dt
707 2886 925 2966 beneficium
937 2887 1039 2984 regni
1054 2887 1269 2962 nullatenus
1282 2883 1464 2983 pertinere
1478 2883 1551 2962 dte.
1568 2885 1574 2894 ’

397 3177 400 3183 .
485 3088 593 3262 Sed
611 3118 707 3179 cum
735 3089 1137 3181 Laurishammenfis
1163 3086 1329 3173 ecclesa
1345 3087 1577 3175 innumeris
1590 3101 1651 3174 'ae
1669 3089 1756 3176 diu.-

570 3204 668 3289 tinis
677 3203 984 3293 calamitatibus
1002 3200 1200 3315 usquead
1218 3201 1259 3286 id
1277 3205 1479 3316 temporis
1488 3205 1631 3288 attrita
1638 3231 1753 3318 pror·

483 3309 554 3402 sus
572 3310 709 3405 suittet·
722 3319 767 3406 dt
787 3317 1007 3420 exhausta,
1037 3337 1085 3400 ut
1100 3311 1270 3402 servitio
1300 3336 1468 3400 centum
1489 3343 1752 3418 marcarum,

485 3428 601 3624 quod
617 3433 744 3544 regiae
771 3459 950 3518 camerae
976 3423 1143 3542 fingulis
1160 3429 1279 3513 annis
1299 3457 1356 3513 ex
1373 3427 1548 3530 eadem,
1577 3427 1678 3515 slcut
1705 3429 1753 3516 δι

365 3623 370 3630 .
514 3569 538 3623 e
556 3537 861 3655 aliquibusdam
877 3541 1067 3644 ecclefiiS,
1076 3541 1168 3652 jure
1186 3544 1358 3654 antiquo
1376 3539 1640 3645 inferebatur,
1659 3544 1751 3628 abs·

483 3677 567 3766 que
585 3657 774 3741 maxima
799 3651 860 3741 sui
876 3655 1147 3742 destrutiione
1161 3657 1333 3738 minime
1352 3648 1580 3752 sufficerem
1630 3655 1667 3742 F
1671 3651 1751 3739 olc-

481 3766 644 3852 nandus
663 3771 971 3854 communicato
998 3766 1179 3854 fratrum
1207 3763 1563 3869 ministerialium,
1589 3795 1638 3851 ac
1654 3766 1751 3852 fide·

481 3873 587 3964 lium
623 3874 794 3967 suorum
815 3878 1011 3980 confilio,
1041 3899 1130 3964 tres
1156 3880 1336 3964 abbatiae
1362 3880 1525 3990 curiasss,
1554 3876 1749 3967 videlicet

450 3988 745 4102 obtendam,
787 3991 1072 4105 Wibeliugea,
1113 3987 1271 4101 Gingea
1301 3995 1428 4106 regiae
1455 3992 1649 4110 potestati
1675 3985 1747 4078 sub

547 4125 551 4132 '
1607 4129 1691 4191 oer-
