4000 5417
407 397 513 477 Sne.
541 392 604 472 IX
630 392 889 477 Lunovrco
915 392 1081 473 Genu.
1107 415 1255 477 nuce.
1432 422 1480 501 57

212 612 1483 638 *auum——

210 704 381 781 nicarum
397 724 485 777 cum
503 696 653 776 ecclesra
667 694 803 777 striclam
818 696 1131 787 cormanacum
1146 701 1341 801 mancipiis
1357 702 1398 777 in
1413 702 1483 777 eis·

207 806 297 885 dem
324 806 437 880 rebus
461 802 778 879 commanentibus
800 800 1193 899 retorquerem&
1219 826 1307 879 curn
1328 803 1482 901 reliquis

208 908 415 993 domibus,
440 903 632 993 aediliciis,
657 904 801 992 vinela,
827 904 963 992 terris,
989 904 1130 1001 sylvis,
1155 905 1291 1003 pratis,
1316 905 1479 1005 pascuis,

212 1010 344 1105 aquis,
364 1028 599 1103 aquarumve
620 1005 846 1095 decursibus,
873 1003 1107 1101 adjacentiis,
1132 1008 1289 1107 perviis,
1314 1008 1479 1085 exitibus

211 1110 253 1187 δι
266 1108 497 1206 regreffibus,
522 1098 717 1205 quaesituris
731 1107 769 1185 &
784 1108 832 1184 ad
844 1108 1124 1204 inquirendum,
1145 1125 1478 1207 quantumcunque

214 1212 262 1287 ad
277 1212 428 1287 easdem
454 1233 514 1286 res
536 1211 717 1310 pertinere
733 1210 903 1299 videtur,
928 1209 967 1287 dt
981 1211 1090 1286 nostri
1100 1209 1197 1307 juris
1223 1212 1480 1313 atqueposses·

214 1312 321 1389 sionis
343 1312 425 1410 jure
452 1310 686 1413 proprietatis
711 1310 787 1399 est,
820 1324 941 1387 totum
961 1312 999 1389 δι
1024 1314 1073 1391 ad
1091 1314 1279 1412 integrum
1330 1316 1482 1393 raeditlo

213 1416 313 1491 fideli
338 1416 457 1491 nostro
473 1417 534 1497 W.
561 1415 609 1491 ad
634 1412 825 1513 proprium
846 1413 1107 1505 concelbmus,
1131 1416 1170 1494 ὅ(
1186 1418 1232 1492 de
1254 1441 1303 1493 no
1353 1442 1378 1493 o
1393 1416 1479 1514 jure
1586 1462 1593 1483 ε
1737 1504 1742 1514 ,
1857 1461 1902 1502 ,-

130 1618 135 1625 Ι
214 1516 324 1613 injus
339 1517 377 1593 dt
397 1516 689 1594 dominationem
712 1512 792 1611 ejus
806 1514 1038 1593 liberalitatis
1088 1517 1192 1595 olim
1213 1542 1365 1597 munere
1388 1544 1478 1597 con·
1566 1490 1608 1608 ι)
1655 1471 1827 1620 r't'ldl‘
1838 1434 1927 1597 ’μ’

214 1620 404 1709 celsrmus,
432 1621 686 1711 contulimus;
712 1617 767 1732 ita
781 1618 978 1705 videlicet,
1001 1544 1238 1717 utquioquid
1267 1622 1402 1699 exinde
1427 1622 1478 1699 ab
1586 1653 1604 1708 ¹,
1627 1692 1661 1714 „
1695 1629 1769 1729 „l

213 1720 391 1797 hodierno
417 1722 475 1797 die
497 1721 535 1797 lit
557 1735 723 1819 tempore
745 1740 828 1815 jure
844 1720 1083 1817 proprietario
1095 1720 1218 1795 facere
1231 1725 1291 1797 vel
1312 1721 1478 1818 judicare
1574 1669 1684 1800 ΜΨ,
1727 1666 1865 1880 'js
1908 1792 1915 1823 ,

215 1824 404 1911 voluerit,
430 1822 611 1921 perhanc
637 1815 767 1899 nostrae
792 1821 1020 1897 austotitatis
1045 1821 1279 1916 largitionem
1301 1824 1417 1899 libero
1440 1826 1482 1901 in
1528 1796 1638 1983 μ’,
1689 1824 1731 1889 ι’·
1797 1808 1812 1869 l
1885 1849 1891 1864 ·

213 1925 287 2001 Dei
311 1926 461 1999 nomine
486 1923 694 2021 perfruatur
716 1924 870 2003 arbitrio
892 1922 1078 2011 faciendi,
1111 1922 1288 2018 quicquid
1319 1924 1482 2020 elegerit
1627 1892 1656 2009 )

213 2026 267 2102 Et
281 2038 325 2100 ut
334 2026 424 2101 baecv
435 2026 631 2101 austoritas
646 2025 854 2125 largitionis
879 2023 1013 2101 nostrae
1033 2046 1098 2122 per
1111 2023 1237 2099 sutura
1251 2040 1418 2123 tempora
1431 2024 1487 2100 in·

212 2127 429 2203 violabilem
445 2141 557 2222 atque
570 2127 826 2203 inconvulsam
841 2126 1008 2202 obtineat
1021 2124 1250 2213 firmitatem,
1275 2147 1391 2203 manu
1404 2120 1488 2241 pro·

212 2230 295 2329 pria
310 2226 434 2305 subter
447 2225 698 2315 firmavimus,
713 2227 752 2305 δι
767 2229 870 2303 anuli
886 2226 998 2303 nostri
1010 2224 1239 2325 impressone
1258 2226 1395 2323 signari
1406 2249 1487 2323 Jus-

213 2329 336 2406 lrmus.
389 2327 619 2405 Adaleoldus
641 2328 820 2405 diaconus
844 2329 892 2405 ad
918 2328 1040 2405 vicem
1066 2327 1253 2403 Grimaldi
1273 2330 1483 2427 recognovi.

214 2432 312 2509 Data
332 2430 402 2509 Vll
442 2432 626 2507 Kalendas
655 2432 813 2531 Junias,
841 2452 963 2519 anno,
997 2428 1143 2507 Christo
1163 2430 1346 2528 propitio,
1373 2432 1485 2507 tertio
1537 2446 1677 2535 pothi,

214 2536 317 2631 regni
332 2532 476 2609 domini
495 2533 686 2613 Ludowici
712 2534 813 2631 regis
837 2533 876 2608 in
892 2531 1064 2608 orientali
1084 2532 1259 2620 Francia,
1286 2532 1482 2611 inditlione
1557 2536 1633 2619 836·

213 2636 330 2713 Xllll.
357 2632 492 2711 netum
510 2634 693 2712 Tlaodonis
704 2638 792 2711 oilla
809 2636 850 2711 in
873 2634 945 2711 Dei
958 2633 1110 2711 nomine
1123 2632 1281 2711 feliciter
1302 2658 1424 2713 amen.

1924 1705 1930 1735 r

1927 1799 1939 1823 s

1932 1887 1950 1933 J

213 2838 384 3011 Porro
401 2820 571 2947 donatio
598 2834 784 2941 ejusdem
808 2834 1043 2925 Werinheri
1058 2839 1228 2924 comitis
1253 2836 1306 2923 de
1320 2838 1483 2935 ,eisdem

215 3060 264 3147 d·
313 2942 795 3079 rebusLaureshamenli
818 2950 1062 3037 monasterio
1087 2946 1228 3055 sosia,
1256 2949 1366 3037 hunc
1394 2980 1482 3037 mo-

243 3088 318 3147 um
346 3078 545 3146 continet.

185 3273 396 3409 'DOMW
436 3294 607 3416 “iussim
639 3292 709 3387 W
700 3322 743 3382 el
745 3164 942 3387 ldfflltln
975 3330 1032 3417 pa
1063 3298 1363 3417 cRinccbgou,
1391 3296 1487 3393 Bir-

640 3408 699 3495 los
718 3468 731 3511 ,
766 3408 832 3503 W
826 3408 975 3499 ottenb.
994 3332 1082 3511 &qa

218 3592 271 3725 ln
287 3580 358 3657 Dei
385 3574 646 3675 omnipotentis
662 3573 827 3663 nomine,
842 3600 912 3671 ego
935 3578 1233 3657 anuuenus
1249 3578 1417 3676 cogitans
1442 3578 1486 3654 de

276 3682 392 3755 salute
410 3678 544 3753 animae
558 3700 652 3755 meae
668 3676 706 3755 δι
722 3678 769 3753 de
792 3677 983 3753 abolendis
1007 3678 1172 3778 peccatis
1187 3681 1279 3755 meis
1295 3704 1339 3757 ac
1365 3701 1487 3779 perpe·

219 3798 301 3860 tuae
316 3781 405 3858 vitae
427 3779 589 3880 praemiis
614 3780 881 3878 consequendis
906 3778 945 3855 dt
964 3804 1032 3881 pro
1055 3779 1255 3858 elemofina
1279 3782 1417 3866 domini
1432 3804 1486 3857 re·

219 3885 281 3987 gis
296 3882 408 3959 nostri
432 3882 623 3959 Ludowici
639 3882 700 3958 seu
724 3904 792 3983 pro
807 3882 1006 3960 animabus
1021 3884 1212 3983 quondam
1229 3884 1395 3962 fidelium
1409 3908 1484 3960 me-

189 3982 196 3997 “
220 3980 331 4066 orum
345 3982 623 4087 Engilhelmi&
642 3986 787 4077 Medae,
803 3998 846 4065 ut
861 3986 1012 4169 vlelrriam
1027 3989 1073 4065 de
1087 3988 1251 4089 peccatis
1265 3986 1484 4167 nostrissadi-

433 4156 442 4163 .
1346 4112 1434 4195 p1c1
