4000 5417
535 380 638 461 sac.
664 376 770 459 rur
797 374 993 477 cnoro
1020 398 1153 457 aeas
1324 316 1331 323 ¹
1408 404 1454 482 31

190 690 391 785 derigatur,
417 689 457 761 in
474 685 636 761 Garum
650 685 825 773 marcha,
852 685 891 761 in
907 687 1009 775 loco,
1035 686 1100 782 qui
1114 683 1244 760 dicitur
1267 683 1459 757 Slrlotlrrun

189 791 364 865 mansum
388 786 428 865 dr
447 787 614 874 hubam,
638 786 677 865 tc
697 787 871 885 quicquid
885 788 934 863 ad
958 787 1077 887 ipsam
1091 787 1231 861 hubam
1245 783 1395 885 aspicit,
1420 784 1459 863 dc

187 890 442 985 inBrrrhr'ngrn
455 888 577 965 hubas
585 912 619 975 v,
634 888 777 965 mansos
793 893 895 977 v,vel
910 888 1088 987 quicquid
1101 888 1190 963 illuc
1203 886 1336 986 aspicit.
1364 886 1455 963 ltem

190 992 295 1091 quod
308 990 458 1067 foemina
479 989 651 1087 quaedam
671 990 818 1065 nomine
842 992 997 1069 Wirdun
1015 990 1166 1067 tradidit
1191 989 1239 1063 ad
1248 987 1329 1085 Jam
1343 987 1457 1063 distas

189 1094 369 1189 reliquias
382 1092 420 1167 in
448 1091 582 1167 Ollrimo
599 1092 776 1179 marcha,
804 1094 863 1167 vel
878 1093 1050 1192 quicquid
1069 1095 1109 1167 in
1128 1090 1206 1191 ipsa
1226 1090 1379 1165 marcha
1404 1090 1455 1164 le·

107 1290 110 1295 μ
190 1194 302 1291 gibus
315 1195 349 1269 ei
361 1193 543 1289 adtingit,
569 1192 608 1268 dr
630 1192 803 1290 quicquid
823 1194 962 1271 adhaec
982 1194 1107 1271 omnia
1126 1192 1277 1292 aspicit,
1304 1192 1456 1289 campis,

190 1296 316 1383 terrim
341 1296 474 1394 pratis,
502 1293 633 1391 sylvis,
659 1294 816 1391 pascuis,
836 1296 988 1393 perviis,
1004 1298 1129 1393 aquis,
1154 1316 1382 1393 aquarumve
1396 1294 1459 1368 de·

192 1397 381 1485 curfibus,
406 1396 593 1485 domibuS‚
620 1393 811 1483 aedificiis,
836 1410 957 1473 totum
971 1396 1071 1473 &ad
1087 1400 1270 1493 integum,
1296 1394 1388 1471 sicut
1401 1394 1456 1471 su·

189 1498 314 1599 petius
328 1498 516 1592 diximus;
543 1497 730 1597 mancipia
752 1520 895 1597 quopue
921 1523 969 1575 nv
996 1499 1185 1597 utriusque
1208 1498 1343 1587 sexus,
1369 1519 1455 1595 quae

191 1598 286 1677 &in
307 1600 367 1675 his
380 1598 419 1677 &
433 1600 472 1675 in
486 1600 570 1675 aliis
589 1600 681 1675 locis
706 1621 856 1674 manere
870 1600 1041 1675 videntur
1055 1656 1065 1689 ,
1090 1624 1262 1699 unacum
1276 1600 1378 1675 omni
1391 1622 1454 1699 pe·

190 1702 323 1777 culiari
337 1700 412 1777 suo.
464 1702 558 1777 Haec
579 1702 705 1776 omnia
719 1699 878 1798 superius
900 1702 1159 1800 comprehensa
1173 1702 1373 1777 cumomni
1398 1702 1452 1777 iu·

189 1803 367 1899 tegritate
381 1802 454 1889 sua,
468 1814 548 1877 tam
562 1802 681 1901 ipsum
695 1802 1352 1899 monasteriumquamorrmiaibidem
1366 1800 1455 1901 aspi·

189 1902 351 1990 cientia,
367 1904 411 1975 de
433 1901 515 1996 jure
536 1926 619 1977 meo
646 1904 685 1977 in
705 1900 768 1997 jus
793 1901 832 1977 dt
857 1902 1145 1978 dominationem
1177 1900 1286 1977 santii
1309 1902 1453 1977 Nazarii

189 2005 319 2093 dono,
346 2004 450 2078 trado
464 2020 575 2102 atque
595 2004 813 2081 transfundo
830 2003 869 2077 in
895 2002 964 2079 Dei
979 2004 1129 2078 nomine
1144 2001 1399 2101 perpetualiter
1412 2002 1460 2075 ad

185 2104 439 2205 possidendum
460 2106 675 2193 caratione,
703 2119 745 2181 ut
759 2106 807 2179 ab
821 2104 893 2179 hac
920 2104 980 2179 die
1000 2104 1187 2191 habeant,
1212 2116 1381 2187 teneant,
1407 2113 1462 2176 at·

184 2230 264 2304 que
276 2204 500 2304 poffideant,
526 2206 566 2283 δι
579 2206 650 2281 suis
674 2206 848 2303 posteris,
874 2228 919 2280 ac
940 2202 1195 2281 successoribus
1216 2202 1266 2279 ad
1287 2201 1461 2301 polliden·

185 2310 276 2383 dum
295 2307 514 2404 relinquant
567 2306 741 2395 Scilicet,
766 2320 810 2382 ut
832 2307 922 2381 dum
948 2330 1020 2401 ego
1042 2305 1241 2392 advixero,
1266 2303 1363 2403 ipsas
1381 2326 1458 2391 res,
1564 2326 1568 2340 ·

183 2409 275 2485 sicut
290 2407 450 2507 superius
464 2408 686 2497 continetur,
712 2431 778 2507 per
793 2406 1013 2483 beneficium
1028 2404 1182 2481 vestrum
1200 2406 1340 2502 absque
1363 2428 1457 2503 prac-

180 2508 323 2607 judicio
337 2510 443 2588 sansli
469 2510 613 2587 Nazarii
626 2512 687 2587 vel
701 2508 820 2587 vestro
835 2508 898 2584 seu
921 2506 1157 2584 successorum
1172 2506 1372 2583 vestrorum
1388 2506 1456 2581 ha·

184 2612 296 2689 beam
313 2610 352 2689 u
365 2614 558 2701 excolam,
583 2610 728 2688 &nihil
746 2610 880 2688 exinde
899 2612 1065 2687 minuere
1078 2664 1089 2697 ,
1102 2608 1178 2685 'nisi
1192 2607 1365 2707 quicquid
1387 2608 1456 2683 ibi·

182 2716 273 2794 dem
295 2714 452 2798 addere,
477 2728 542 2788 aut
553 2712 744 2789 meliorare
770 2726 951 2811 potuero,
977 2710 1017 2789 δι
1039 2712 1183 2789 censum
1204 2710 1312 2787 annis
1336 2710 1457 2807 singu·

184 2816 236 2889 lis
251 2815 293 2887 'm
307 2810 499 2885 festivitate
513 2812 619 2885 sansti
641 2814 811 2901 Nazarii,
836 2838 918 2910 quae
933 2812 983 2888 est
993 2810 1022 2909 jj
1049 2813 1134 2888 idus
1154 2812 1271 2913 junii,
1288 2810 1457 2890 sarcilem

37 2948 39 2953 ·
179 2911 450 3013 jpersolvam,
483 2907 522 2987 dc
545 2907 570 2982 sr
593 2908 638 2983 de
663 2911 736 3009 ipso
758 2912 865 2988 censu
890 2916 1078 3011 negligens
1098 2913 1228 3004 suero,
1260 2936 1348 2990 cum
1363 2914 1455 3009 legis

186 3012 454 3093 beneficiohoc
467 3010 654 3087 emendari
667 3009 814 3089 faciam.
842 3012 922 3090 Post
943 3014 1129 3091 discessum
1146 3039 1233 3092 vero
1254 3038 1406 3102 meum,
1428 3012 1455 3089 li

187 3119 321 3213 aliqua
334 3114 378 3189 de
391 3136 523 3211 genere
554 3135 637 3186 meo
662 3110 788 3211 inipso
808 3116 1021 3193 monasterio
1044 3116 1156 3193 suerit
1175 3118 1331 3194 educata
1346 3170 1357 3204 ,
1371 3139 1455 3212 quae

186 3218 309 3319 ipsam
324 3212 672 3311 congregationem,
699 3235 811 3310 quam
833 3232 979 3317 propter
992 3240 1128 3295 nornen
1154 3218 1303 3293 Domini
1317 3217 1456 3293 ibidem

188 3318 367 3403 adunavi,
376 3315 578 3391 secundum
587 3314 835 3411 Deumregere
844 3320 1013 3417 potuerit,
1022 3320 1304 3418 pereletlionem
1313 3316 1458 3393 abbatis

186 3421 302 3499 fausti
327 3414 480 3495 Nazarii
500 3412 675 3489 abbatissa
695 3416 928 3495 constituatur
948 3471 960 3507 ,
986 3418 1026 3493 dt
1038 3420 1109 3493 hoc
1125 3418 1262 3517 semper
1274 3417 1458 3518 quoadus-

185 3547 260 3622 que
286 3522 333 3596 de
355 3535 487 3613 genere
512 3540 597 3593 meo
616 3516 730 3611 digua
751 3516 885 3593 ibidem
910 3518 1060 3615 reperiri
1077 3520 1261 3616 potuerit,
1286 3520 1456 3594 servetur.

182 3624 357 3720 (catera
371 3620 501 3706 omnia,
526 3640 613 3715 quur
628 3616 821 3717 secuntur,
848 3620 936 3691 utin
951 3615 1127 3715 superiori
1150 3619 1272 3693 charta
1291 3619 1458 3691 continen-

184 3738 256 3797 rur
280 3774 290 3807 ,
315 3720 478 3815 usquead
492 3720 579 3818 ids)
605 3718 715 3817 squis
730 3720 811 3799 haec
834 3718 1028 3817 infringere
1044 3721 1103 3795 vel
1123 3718 1320 3795 immutare
1330 3720 1458 3807 ,volue-

182 3826 266 3910 rit,
294 3820 426 3899 inserat
438 3822 600 3921 partibus
617 3822 725 3897 santii
751 3822 898 3901 Nazarii
916 3845 1078 3899 unacum
1091 3836 1244 3918 cogente
1258 3821 1364 3912 lisco,
1378 3822 1457 3901 auri

182 3927 305 4013 libras
322 3948 357 4014 v,
372 3924 513 4028 agenti
536 3926 698 4025 pondera
709 3950 736 4004 x
750 3926 910 4003 multam
925 3923 1118 4020 sustineat,
1143 3920 1188 4005 ὅ
1200 3926 1334 4025 reliqua
1345 3922 1453 4035 utsu-

407 4052 409 4057 .
926 4066 938 4075 q
1329 4050 1419 4127 m
