4000 5417
532 396 639 473 Sne.
675 394 711 471 Χ
737 392 978 473 Conanno
1005 396 1023 473 l
1048 414 1185 473 anca
1209 490 1217 498 ‚y
1441 418 1510 497 1¹5

1336 614 1512 637 ἡ

126 763 130 771 .
651 695 826 789 Termini
854 696 907 794 ὅ
936 695 1119 785 Limites.

241 812 327 953 Ab
341 814 482 889 oriente
504 811 632 911 incipit
653 810 824 910 apet‘ra,
851 834 935 909 qtme
949 811 1020 889 stat
1035 810 1262 898 iamdabat,
1287 808 1326 888 &
1339 809 1387 887 fic
1408 810 1512 887 vadit

330 914 379 991 ad
393 917 549 1002 vallum,
563 914 626 990 ubi
641 913 838 991 confinium
854 914 907 992 est
923 910 1208 1011 Liutirrresimson
1223 912 1261 989 dt
1276 913 1510 988 Hennnmtm.

241 1017 385 1091 Deinde
401 1019 448 1091 ad
463 1017 611 1091 furnum
626 1016 750 1090 calcis.
802 1018 942 1092 Deinde
964 1040 1027 1115 per
1050 1016 1218 1091 medium
1243 1014 1507 1090 Miclrilinrirtl.

242 1118 386 1193 Deinde
417 1140 481 1217 per
502 1120 667 1193 medium
693 1115 899 1215 Rinrroison.
950 1120 1090 1195 Deinde
1114 1118 1163 1192 ad
1179 1116 1255 1202 sol,
1282 1117 1384 1213 quod
1397 1114 1448 1191 est
1473 1117 1512 1195 ln

241 1220 399 1294 confinio
424 1220 623 1293 Strnainim
638 1218 677 1295 &
705 1218 944 1295 Wrnunlnim.
992 1220 1133 1295 Deinde
1153 1219 1203 1294 ad
1235 1242 1369 1315 agrum
1404 1220 1510 1313 regis.

243 1320 386 1397 Deinde
398 1323 445 1396 ad
469 1318 687 1417 Stndruurgr'.
740 1321 883 1399 Deinde
899 1323 947 1397 ad
970 1323 1159 1421 lapidem,
1184 1322 1247 1419 qui
1260 1321 1331 1397 stat
1351 1322 1390 1397 in
1412 1321 1512 1408 vico,

243 1424 308 1519 qui
322 1423 456 1499 dicitur
483 1424 651 1501 (larderii.
708 1422 848 1497 Deinde
874 1425 922 1500 ad
947 1426 1146 1500 tumulum.
1198 1424 1340 1499 Deinde
1374 1424 1423 1499 ad
1443 1446 1510 1521 pu·

244 1526 381 1601 blicam
396 1524 582 1600 stratam
614 1524 755 1599 Deinde
772 1526 820 1599 ad
835 1526 1012 1625 lapidem,
1037 1526 1102 1622 qui
1115 1522 1167 1599 est
1181 1524 1219 1601 in
1243 1522 1407 1623 Masalia
1435 1524 1509 1598 De·

242 1626 327 1702 inde
349 1629 396 1703 ad
410 1628 527 1701 alium
550 1626 736 1725 lapidem,
762 1628 827 1723 qui
847 1627 977 1703 dividit
1001 1628 1150 1725 piceum
1164 1650 1293 1719 nemus
1317 1628 1364 1701 ab
1378 1627 1507 1701 altero.

242 1726 385 1803 Deinde
400 1728 449 1803 ad
474 1730 725 1801 Hohrnwartn.
778 1728 918 1802 Deinde
944 1728 992 1801 ad
1016 1727 1196 1823 lapidem,
1220 1729 1282 1821 qui
1296 1726 1365 1801 stat
1378 1728 1417 1801 in
1430 1728 1510 1815 via,

240 1852 327 1928 quae
341 1830 460 1927 pergit
473 1830 521 1904 ad
545 1826 711 1927 Lorsnm,
736 1828 900 1915 Alinhn,
925 1842 968 1903 ut
983 1826 1225 1925 supradiilum
1244 1824 1306 1901 est.

91 2070 104 2085 ι
187 2076 191 2085 Δ
240 2030 311 2203 P
313 2028 650 2117 omanadum
666 2058 809 2145 segem
818 2028 999 2144 generali
1009 2030 1244 2144 principum
1258 2026 1404 2113 habito
1420 2053 1516 2112 con·
1530 2024 1725 2097 *Dedfrele

334 2166 465 2229 ventu
494 2142 719 2229 Heinriens
737 2166 1020 2257 cognomento
1036 2140 1180 2253 Saxo,
1207 2138 1317 2227 lilius
1340 2139 1517 2229 Ottonis

240 2253 360 2339 ducis
388 2253 616 2358 Saxonici,
647 2260 689 2339 in
726 2282 903 2369 regnum
931 2252 1204 2355 sublimatur,
1232 2279 1385 2366 exquo
1413 2253 1514 2339 diva

241 2366 452 2455 Ottonum
505 2366 719 2483 enealogia
735 2368 937 2483 proceffit.
979 2368 1065 2454 Hic
1080 2388 1226 2452 contra
1251 2364 1513 2479 Rutpertum

244 2506 385 2593 regem
415 2394 640 2567 Gaiiicanae
666 2481 704 2568 F
705 2484 858 2567 rmnciae
874 2476 1031 2595 praeliis
1045 2476 1191 2589 multis
1210 2480 1423 2565 terminos
1447 2505 1509 2561 re-

242 2596 312 2791 {pi
337 2590 548 2681 Locharici
567 2655 577 2695 ‚
607 2594 709 2681 ficut
727 2592 926 2681 hailenus
944 2588 1269 2700 conservantur,
1297 2590 1513 2692 obtinuit,

306 2726 395 2791 tam
418 2704 704 2818 Ungariorum
718 2734 847 2819 quam
864 2702 1514 2820 Sclavorum„Burg1mdionum-

245 2842 360 2927 que,
389 2842 486 2898 cum
504 2818 654 2925 quibus
668 2814 724 2901 {aa
752 2848 775 2900 e
803 2818 996 2906 conflixit
1013 2819 1058 2908 dn
1085 2814 1247 2935 semper
1262 2820 1394 2919 vicit,
1427 2810 1511 2901 bel·

247 2925 340 3012 licis
357 2928 415 3009 im
445 2924 581 3011 editu's
610 2950 704 3012 tum
747 2930 890 3030 tibus,
920 2934 1149 3047 imperator
1164 2960 1249 3018 non
1266 2930 1325 3017 est
1350 2927 1512 3017 ordina·

246 3060 331 3126 tus.
388 2952 579 3152 linitque
616 3059 759 3124 autem
785 3037 997 3129 haeredem
1024 3048 1140 3159 regni
1185 3044 1396 3146 Ottonem
1431 3042 1512 3156 pri·

246 3164 392 3253 mum,
422 3154 496 3265 qui
522 3146 625 3236 nulli
650 3150 736 3266 post
771 3150 970 3239 Carnium
994 3184 1192 3271 magnum
1215 3154 1417 3241 secundus
1452 3154 1514 3238 vi·

246 3265 442 3352 &ricibus
478 3261 642 3377 semper
678 3268 804 3351 armis
832 3269 949 3381 regni
975 3264 1036 3354 sui
1064 3273 1266 3356 terminos
1301 3264 1515 3361 dilatavit,

247 3377 357 3463 unde
386 3394 650 3491 cognomen,
685 3398 736 3462 ut
769 3400 991 3463 vocaretur
1026 3380 1232 3491 Magnus,
1298 3375 1515 3464 romeruit.

247 3490 328 3583 Iste
346 3519 456 3576 anno
484 3488 723 3576 Dominieae
743 3490 1040 3577 incarnationis
1060 3492 1213 3586 DCCC
1386 3488 1519 3577 Eber-

246 3600 410 3719 giium,
447 3604 490 3687 in
516 3602 863 3691 Laureshamenfi
888 3604 1133 3689 monasterio
1160 3634 1186 3689 a
1243 3632 1345 3688 uero
1373 3600 1519 3685 educa·

247 3741 367 3817 tum,
395 3716 440 3803 ἃ
486 3716 545 3801 ost
562 3714 816 3805 Liutherum
831 3734 1032 3830 nepotem
1047 3712 1167 3805 suum
1231 3712 1439 3803 indonenfi
1456 3736 1519 3797 ec·

246 3826 384 3916 clefiae
419 3743 540 3915 suino
568 3830 720 3933 atuml,
767 3828 957 3941 ejusdem
990 3832 1119 3917 etiam
1155 3831 1335 3919 abbatiae
1361 3826 1517 3913 honore

239 3939 381 4037 XVII
401 3945 520 4029 annis
538 3856 803 4049 iublirnavit‚
832 3942 904 4061 ipli
935 3970 989 4027 ue
1005 3940 1099 4032 loco
1120 3941 1340 4066 privilegia
1356 3938 1518 4029 liberta·
1632 3942 1635 3950 ’
1678 4022 1682 4032 ,

248 4060 304 4147 tis
319 4077 471 4173 quater
498 4059 728 4155 annotavit.
992 4086 1021 4155 a
1206 4145 1213 4155 .
1307 4051 1466 4150 LXVI.
1519 4094 1537 4153 ,-
