4000 5417
549 498 600 575 32
899 474 1084 555 cinon.
1113 496 1173 551 rrr
1199 475 1415 554 Crinitum

547 676 1078 711 --—----b—--—--
1464 695 1822 722 ——--——-

543 805 629 881 pro.
658 776 792 853 Astum
813 779 851 854 in
875 778 1026 883 ecclesia
1045 778 1155 855 sansli
1179 780 1328 857 Nazarii
1350 780 1443 857 ante'
1459 782 1659 881 pretiosum
1691 796 1822 889 corpus

551 880 643 979 ejus,
661 880 793 963 inloco
810 883 958 981 publico
973 882 1188 957 monasterio
1203 883 1428 958 Laurrsliam.
1481 884 1638 982 Signum
1655 890 1821 967 Hirris·

552 1008 633 1062 ivon
659 984 739 1056 Deo
752 983 902 1061 sacratae
917 982 1127 1071 abbatissae,
1155 1007 1239 1080 quae
1251 984 1347 1061 hanc
1361 986 1598 1063 donationem
1612 989 1684 1067 five
1697 1016 1822 1095 preca·

549 1088 646 1161 riam
667 1084 852 1160 firmitatis
866 1086 942 1161 lieri
959 1084 1150 1161 &firmari
1166 1088 1319 1180 rogavit.
1345 1087 1503 1183 Signum
1520 1091 1741 1167 lllnonincii
1757 1117 1820 1168 co-

551 1210 689 1275 Miris,
706 1188 872 1285 germani
887 1187 1012 1285 ipsius,
1040 1188 1103 1285 qui
1117 1187 1188 1261 hoc
1202 1188 1386 1264 conlenfit.
1439 1190 1595 1285 Signum
1611 1192 1730 1269 Auro
1746 1194 1821 1271 sra-

549 1290 617 1365 tris
632 1288 722 1385 ejus.
758 1291 839 1385 Ego
856 1290 979 1384 itaque
993 1288 1144 1364 Samuel
1158 1291 1349 1387 presbyter
1361 1306 1513 1388 rogante
1526 1290 1710 1373 Hiltisuot
1723 1296 1822 1374 hanc

548 1392 787 1467 donationem
803 1391 876 1469 live
889 1390 1093 1490 precariam
1109 1387 1237 1489 scripsi.

1146 1589 1269 1685 xpp·
1343 1644 1349 1651 .

715 1741 895 1833 Donatio
925 1739 1109 1857 Roffoldi
1134 1743 1288 1831 convitis
1316 1743 1366 1831 in
1390 1744 1653 1865 Wnensrri'm.

552 1922 652 2052 Ego
672 1912 710 1985 iri
736 1908 965 1986 DePnomine
983 1910 1225 2015 Rurioious
1253 1934 1399 2001 conius,
1417 1914 1645 1993 considerans
1660 1917 1822 2013 gravitu·
1843 1981 1847 1988 .

631 2014 755 2088 dinem
774 2026 1008 2113 peccatorum
1024 2034 1211 2101 meorum,
1238 2012 1277 2089 ὅ(
1291 2016 1522 2113 reminiscens
1538 2020 1739 2095 bonitatem
1754 2016 1822 2094 Dei

552 2117 733 2193 dicentis:
760 2114 846 2189 date
867 2111 1103 2188 elemosinam
1128 2115 1167 2191 dt
1187 2138 1271 2190 ecce
1285 2117 1410 2193 omnia
1436 2122 1578 2195 munda
1595 2121 1676 2196 sunt
1699 2120 1821 2208 vobiS,

553 2218 707 2296 conlisus
723 2217 790 2291 Dei
803 2230 909 2290 tanta
925 2215 1217 2293 misericordia&
1233 2217 1370 2316 pietate
1395 2220 1482 2307 Dei,
1509 2222 1680 2319 perhanc
1695 2221 1822 2320 episto-

556 2324 634 2397 lain
649 2320 762 2403 dono,
789 2316 1040 2414 donatumque
1062 2318 1100 2391 in
1120 2333 1338 2419 perpetuum
1364 2318 1432 2395 else
1453 2322 1539 2394 volo
1562 2322 1610 2395 ad
1635 2320 1821 2396 bafilicam

556 2422 664 2499 sansli
680 2418 853 2504 Nazarli,
880 2418 943 2492 ubi
964 2418 1035 2517 ipse
1061 2422 1298 2519 corporaliter
1319 2419 1531 2520 requiescit,
1557 2422 1596 2499 dt
1618 2422 1717 2496 omni
1734 2445 1822 2497 con·

555 2520 759 2620 gregationi
783 2519 919 2598 ibidem
951 2519 1183 2611 consistenti,
1216 2524 1281 2599 ubi
1303 2524 1359 2597 vir
1383 2523 1602 2599 venerabilis
1628 2522 1821 2599 Richbodo

557 2624 652 2701 abba
674 2618 816 2719 praeelle
837 2621 1008 2708 videtur,
1035 2645 1093 2698 res
1108 2646 1212 2700 meas
1226 2624 1265 2697 iii
1285 2648 1378 2722 pago
1394 2622 1595 2723 anense&
1610 2624 1649 2700 in
1672 2624 1822 2700 Lebedo-

557 2721 653 2823 nense
668 2721 765 2811 sitas,
779 2723 817 2798 in
833 2722 925 2799 villa
941 2722 1154 2803 Winenhei'm
1170 2747 1311 2811 marca,
1328 2724 1499 2822 quicquid
1512 2726 1553 2806 in
1566 2726 1640 2827 ipsa
1653 2728 1745 2803 villa
1759 2727 1823 2802 vel

557 2828 597 2903 in
611 2824 686 2927 ipsa
700 2824 851 2902 marcha
866 2825 1000 2902 habere
1014 2826 1111 2902 visus
1126 2826 1222 2913 sum,
1235 2826 1386 2914 mansis,
1401 2828 1537 2925 pratis,
1552 2829 1707 2927 pascuis,
1720 2852 1821 2905 cam·

557 2930 634 3030 pis,
650 2929 804 3027 perviis,
830 2927 960 3025 sylvis,
977 2929 1111 3017 vineis,
1138 2928 1256 3026 aquis,
1271 2952 1498 3025 aquarumve
1513 2930 1731 3021 decursibus,
1757 2932 1821 3006 do-

558 3031 705 3118 mibuS,
732 3029 913 3119 aediliciis,
940 3054 1026 3105 cum
1040 3028 1218 3126 adjunsiis
1234 3028 1471 3127 adjacentiis,
1498 3034 1658 3123 accolis,
1684 3034 1821 3109 manci·

557 3134 628 3233 piis
654 3130 754 3229 ixjjjj
778 3134 920 3232 peculio
935 3132 1124 3231 utriusque
1148 3130 1413 3227 sexusmajore
1440 3132 1500 3207 vel
1524 3134 1690 3221 minore,
1714 3158 1821 3210 exce·

558 3249 622 3353 pto
634 3258 723 3311 auro
737 3232 775 3311 &
790 3249 958 3332 argento,
984 3232 1191 3310 &caballis
1211 3232 1250 3309 dt
1277 3234 1513 3325 vestimentis,
1530 3234 1632 3309 aliud
1648 3235 1823 3333 quicquid

558 3336 691 3437 inipso
725 3337 806 3411 loco
827 3337 994 3435 praesenti
1016 3350 1181 3435 tempore
1209 3332 1309 3411 visus
1322 3335 1401 3411 sum
1421 3349 1541 3412 tenere
1565 3337 1626 3411 vel
1650 3336 1823 3435 possidere

557 3451 637 3515 tani
651 3440 696 3513 de
717 3452 869 3536 paterno
900 3440 1075 3536 quamde
1102 3451 1270 3512 materno
1287 3438 1346 3512 vel
1373 3438 1418 3512 do
1432 3452 1669 3538 comparato,
1697 3436 1821 3513 leude

505 3584 508 3593 Δ
557 3538 721 3638 quolibet
735 3540 898 3615 adtraslu
913 3542 961 3615 ad
977 3564 1038 3615 me
1046 3537 1204 3633 noscitur
1217 3537 1423 3636 pervenille,
1439 3541 1675 3636 adintegrum
1689 3536 1823 3635 dejure

554 3665 638 3717 meo
653 3642 690 3717 iii
706 3634 917 3719 vestrum'&
931 3643 1039 3720 santii
1065 3640 1212 3719 Nazarii
1224 3638 1286 3736 jus
1302 3642 1581 3739 proprietarium
1595 3643 1699 3717 trado
1712 3656 1826 3739 atque

554 3744 784 3833 transfundo,
800 3768 845 3820 ea
870 3746 1037 3833 ratione,
1066 3759 1108 3820 ut
1121 3744 1299 3843 quamdiu
1317 3744 1504 3832 advixero,
1521 3743 1584 3819 sub
1600 3744 1664 3819 usu
1690 3741 1826 3819 benefi-

556 3846 602 3921 cii
626 3846 729 3922 vestri
755 3847 892 3945 absque
912 3847 989 3921 ullo
1014 3844 1228 3944 piaejudicio
1247 3845 1309 3921 vel
1323 3844 1566 3921 diminutione
1591 3846 1719 3944 aliqua
1732 3867 1825 3944 prae·

556 3946 669 4025 distas
684 3970 740 4023 res
757 3962 896 4034 tenere,
923 3945 962 4024 dt
976 3948 1032 4021 uti
1046 3948 1229 4035 debeam,
1256 3946 1295 4023 dt
1308 3945 1347 4021 in
1368 3970 1443 4023 uno
1457 3968 1606 4043 quoque
1620 3972 1717 4023 anno
1731 3946 1827 4020 duos

559 4047 691 4127 solidos
706 4050 745 4127 in
760 4063 920 4149 argento,
936 4048 985 4125 ad
998 4046 1160 4127 sanum
1186 4049 1389 4129 Nazarium
1408 4049 1615 4152 persolvam
1638 4050 1676 4125 in
1692 4045 1826 4124 festivi·

1692 4160 1769 4224 tate
