4000 5417
539 414 646 495 Src
666 414 733 493 'IX
759 413 1000 491 Annorro
1025 434 1173 495 naor.
1450 442 1497 519 cr
1657 425 1661 431 ’

972 624 1503 662 -Ἀ--υ--Φ

266 864 271 873 “
395 842 576 939 Donatio
593 838 751 956 Araopi
773 716 1017 961 {Legidiirto
1034 846 1078 935 in
1106 839 1343 962 Hoplnua.

198 1089 207 1099 ,
233 1022 287 1151 ln
302 1009 451 1087 nomine
467 1010 596 1087 sanstae
610 1010 649 1087 δι
663 1010 865 1089 individuae
890 1012 1089 1090 Trinitatis.
1140 1010 1364 1089 Anuoarus
1378 1010 1505 1087 divina

157 1142 169 1154 -
287 1112 435 1187 favente
448 1112 567 1207 gratia
583 1133 662 1187 rex.
715 1114 856 1189 Notum
872 1112 940 1191 elie
960 1116 1158 1203 volumus,
1184 1113 1357 1189 omnibus
1373 1110 1503 1187 sandae

235 1213 307 1288 Dei
321 1212 481 1289 ecclesrae
497 1212 682 1301 fidelibus,
709 1213 923 1311 nostrisque,
939 1216 1174 1317 praesentibus
1192 1214 1328 1290 scilicet
1340 1213 1380 1291 dr
1400 1213 1504 1289 futu-

235 1313 313 1401 ris,
338 1315 499 1410 qualiter
519 1336 587 1391 nos
613 1315 661 1391 ob
682 1338 850 1394 amorem
874 1318 968 1406 Dei,
991 1316 1198 1415 ,nostraeque
1212 1315 1395 1392 mercedis
1410 1336 1504 1409 aug·

182 1450 188 1461 ·
236 1427 423 1503 mentum,
448 1438 516 1491 nec
529 1440 605 1493 non
620 1414 660 1493 dc
675 1415 871 1513 cujusdam
884 1414 1001 1495 fidelis
1013 1418 1123 1497 nostri
1136 1420 1396 1505 interventum,
1410 1415 1504 1493 Hei·

237 1516 358 1593 monis
380 1516 576 1607 videlicet,
602 1516 752 1595 cuidam
772 1518 915 1595 homini
939 1521 1087 1595 nomine
1109 1520 1362 1616 Reginbreht,
1387 1537 1503 1615 quas·

236 1618 398 1695 damnes
419 1620 651 1717 proprietatis
664 1619 793 1698 noihm
817 1620 857 1696 in
877 1621 1139 1720 proprietatem
1151 1620 1403 1709 concedimus,
1429 1618 1502 1696 hoe

236 1718 305 1806 est,
331 1719 371 1795 in
384 1742 479 1818 pago
509 1718 871 1809 Wonnaauetdun,·in
883 1724 1045 1795 amicata
1067 1721 1320 1800 Warnrrours
1334 1738 1502 1795 corarrrs

235 1820 369 1907 nostri,
395 1821 536 1896 invilla
550 1836 764 1923 nuncupata
790 1818 983 1919 Hoffmao,
1009 1818 1292 1896 conceffimusei
1316 1818 1505 1895 ecclellam

237 1922 328 1997 cum
341 1919 452 1995 hubis
467 1917 523 2016 vj,
536 1920 575 1997 ὃ(
589 1946 675 1999 cum
690 1922 864 2000 omnibus
885 1921 973 1997 illuc
983 1919 1079 2017 juste
1093 1944 1137 1997 ac
1151 1920 1314 2017 legitime
1328 1919 1507 2018 pertinen·

238 2020 367 2111 tibus,
394 2044 481 2099 curn
502 2021 698 2114 domibus,
726 2023 946 2120 caeterisque
972 2021 1164 2110 aedificiis,
1190 2019 1387 2118 mancipiis
1418 2018 1510 2093 utri·

237 2143 360 2218 usque
375 2122 503 2210 sexus,
525 2124 662 2224 terris,
687 2124 809 2221 agris,
834 2122 999 2201 cultis&
1014 2122 1186 2209 incultis,
1211 2120 1365 2218 campis,
1380 2118 1509 2218 pratis,

235 2223 397 2324 pascuis,
424 2222 555 2319 sylvis,
581 2226 651 2301 viis
673 2226 712 2303 dr
728 2224 858 2311 inviis,
885 2224 1015 2321 aquis,
1042 2244 1273 2322 aquarumve
1285 2218 1509 2307 decoribus,

237 2324 482 2412 molendinis,
509 2324 708 2404 mobilibus
742 2324 783 2402 dr
804 2325 1083 2413 immobilibus,
1109 2323 1272 2421 quaefitis
1311 2320 1507 2418 &inquae-

238 2423 332 2513 fitis,
357 2430 480 2501 totum
501 2424 540 2503 dc
564 2428 611 2503 ad
622 2429 832 2523 integrum,
853 2425 1030 2525 quicquid
1044 2427 1133 2501 illuc
1147 2423 1507 2521 rationabiliterper·

240 2526 352 2603 tinere
374 2527 544 2616 videtur,
569 2550 615 2605 err
635 2526 748 2625 jure,
774 2526 815 2604 dr
837 2528 1086 2605 dominatione
1108 2524 1231 2603 nostra
1250 2524 1305 2599 illi
1328 2523 1367 2598 in
1377 2520 1441 2619 jus
1465 2520 1508 2599 dc

194 2662 196 2666 ·
238 2627 526 2705 dominationem
551 2630 772 2707 donavimus
812 2626 851 2706 dr
871 2629 1178 2707 transfundimus.
1232 2626 1284 2703 Et
1291 2622 1507 2721 juisrmusel

141 2758 148 2767 ·
239 2728 323 2803 inde
337 2728 410 2803 lios
419 2728 548 2807 nostrae
559 2730 787 2808 annotinas
800 2730 921 2843 apices
946 2731 1150 2818 conscribi,
1176 2750 1242 2830 per
1254 2748 1349 2825 quos
1379 2726 1506 2802 decer-

189 2872 194 2883 ·
238 2827 385 2914 nimus,
411 2842 521 2923 atque
540 2824 738 2919 jubemus,
762 2844 809 2905 ut
820 2848 897 2923 Jam
917 2832 1035 2909 diibus
1061 2832 1310 2929 Reginbertus
1332 2828 1507 2927 praefatas

241 2948 306 3012 res
323 2926 510 3003 licentiam
532 2948 579 3004 ex
605 2928 726 3005 nostra
747 2928 886 3007 babeat
909 2932 1103 3019 donatione
1125 2930 1301 3018 tenendi,
1326 2924 1507 3017 donandi,

241 3028 433 3117 tradendi,
459 3028 731 3115 commutandi,
755 3030 961 3121 vendendi,
985 3034 1047 3110 vel
1063 3032 1239 3131 quicquid
1260 3029 1403 3108 srbimet
1426 3030 1509 3129 pla·
1648 3085 1700 3127 ·.-

244 3130 360 3207 cuerit
374 3129 550 3219 finiendi,
576 3129 648 3215 srne
662 3129 742 3205 ulla
776 3130 932 3227 alicujus
953 3132 1246 3209 contradictione.
1299 3132 1351 3207 Et
1362 3145 1405 3207 ut
1423 3132 1508 3207 haeo

242 3231 448 3309 donationis
455 3229 588 3307 nostrae
605 3230 799 3307 autimitas
813 3234 940 3310 nostris
954 3234 991 3311 dr
1004 3234 1141 3309 futuris
1155 3231 1511 3332 temporibuslirma,

243 3330 453 3431 stabilisque
466 3330 653 3431 perpetuis
666 3331 866 3431 perseveret
876 3336 1124 3434 temporibus,
1149 3358 1265 3410 manu
1279 3330 1511 3433 propriasub-

244 3444 300 3510 ter
313 3458 398 3512 eam
410 3431 670 3520 firmavimus,
696 3430 735 3509 dr
749 3436 861 3508 anulo
876 3434 994 3511 nostro
1009 3433 1346 3530 frgillariJullrmus.
1375 3430 1513 3507 Amol·

244 3534 305 3612 fus
318 3558 399 3611 rex.
451 3530 632 3633 Aspertus
654 3534 900 3611 cancellarius
921 3538 969 3609 ad
993 3535 1115 3611 vicem
1137 3530 1514 3609 Theotbmariarehi·

242 3635 426 3734 capellani
451 3634 659 3733 recognovi.
711 3636 813 3712 Data
838 3637 892 3714 Vl
907 3634 989 3713 idus
1013 3634 1262 3722 Novembris,
1286 3656 1386 3709 anno
1399 3633 1515 3709 incar·
1566 3680 1715 3763 ΗΜ,

241 3736 407 3816 nationis
432 3736 580 3813 Domini
593 3736 969 3825 DCCCLXXXVlIl,
994 3760 1094 3813 anno
1109 3736 1126 3811 1
1139 3732 1285 3812 Amolfi
1299 3730 1442 3834 piiilimi
1457 3755 1515 3811 re·
1588 3780 1663 3852 m
1682 3733 1692 3756 '

237 3837 316 3944 gis
369 3832 506 3918 Aaou
520 3838 610 3919 urbe
634 3837 886 3938 Regannburg
899 3837 939 3915 in
964 3837 1035 3917 Dei
1048 3836 1199 3918 nomine
1220 3836 1375 3916 feliciter
1389 3858 1509 3916 amen.

817 4021 972 4147 ,Ma
1253 4012 1455 4117 Hic
