4000 5417
484 389 559 479 25⁶
862 375 1046 456 ennon.
1072 395 1134 454 ur
1160 371 1377 453 cannen

599 679 674 769 Ex
700 674 865 765 consilio
893 679 1036 792 itaque
1062 681 1173 795 regis
1201 680 1386 771 Cunradi
1417 682 1674 779 ⁴Heinrictun
1700 718 1760 782 ex

488 795 736 886 monasterio
764 787 1043 884 Suunensheim
1062 793 1259 881 concordi
1274 816 1379 883 voto
1407 825 1458 882 ac
1477 799 1610 887 studio
1628 797 1760 919 elege-

490 931 616 1011 runt,
643 906 784 995 virum
800 908 915 992 omni
930 907 1140 996 virtutum
1156 935 1308 1022 genere
1327 911 1688 1024 conquadratum,
1714 917 1761 1006 ἃ

491 1027 632 1137 inquo
650 1041 800 1108 natura
820 1023 1083 1134 cumgratia,
1102 1020 1300 1140 quicquid
1319 1019 1501 1111 hominis
1515 1027 1593 1131 est,
1622 1026 1676 1112 ad
1685 1059 1760 1116 un·

492 1161 620 1252 guem
636 1131 863 1249 expolivit,
893 1135 1012 1244 cujus
1026 1155 1075 1221 ut
1091 1135 1220 1218 animi
1235 1133 1357 1220 dotes
1375 1136 1561 1226 breviter
1575 1140 1762 1258 perstrin-

493 1277 664 1368 gamuS,
693 1275 818 1332 nemo
836 1244 906 1333 illo
923 1244 1044 1335 vultu
1073 1247 1269 1362 gestuque
1283 1249 1461 1362 gratior,
1491 1256 1681 1342 moribus
1696 1285 1763 1341 or·

492 1364 665 1466 natior,
694 1362 900 1477 gravitate
929 1358 1181 1462 modestior,
1209 1353 1430 1448 severitate
1467 1370 1762 1482 temperatior,

494 1479 539 1566 in
563 1473 730 1589 eloquio
760 1475 1014 1574 torrentior,
1042 1474 1086 1559 in
1111 1469 1287 1559 consiliis
1304 1476 1494 1581 acutior,
1519 1480 1562 1563 in
1583 1508 1635 1564 ne
1664 1481 1764 1567 otiis

496 1588 762 1705 expeditior,
791 1588 834 1670 in
853 1581 1151 1701 dispensatione
1169 1587 1485 1702 providentior,
1514 1619 1559 1677 er
1587 1505 1673 1678 afr
1747 1638 1763 1655 ·

496 1705 575 1792 bos
593 1699 838 1899 subp'etlior,
864 1699 907 1783 in
933 1702 1050 1786 bnmi
1077 1699 1256 1813 denique
1274 1703 1377 1788 vitae
1400 1703 1528 1789 modo
1547 1619 1592 1794 ξ
1619 1619 1764 1790 ordille

496 1817 655 1901 circum
672 1811 830 1930 petiior
856 1811 1013 1910 suerin
1041 1814 1116 1925 qui
1140 1815 1279 1928 primo
1305 1816 1505 1902 introitus
1530 1811 1591 1904 sui
1624 1819 1766 1919 initio,

498 1929 542 2017 in
559 1927 652 2027 bis,
679 1953 776 2040 quae
794 1921 1035 2123 resipionis,
1064 1951 1163 2038 quae
1189 1923 1386 2015 fraternae
1410 1922 1606 2022 utilitatis
1627 1949 1767 2030 eraut,

498 2043 698 2128 interiora
715 2065 867 2152 compo
885 2039 976 2140 uit,
1007 2037 1154 2125 deinde
1172 2059 1222 2126 ut
1247 2043 1377 2127 etiam
1401 2069 1552 2131 manus
1587 2043 1769 2140 hominis

500 2151 574 2242 sub
604 2153 750 2268 pennis
780 2150 978 2253 haberet,
1015 2152 1126 2238 circa
1154 2156 1368 2241 exteriora
1396 2175 1485 2240 tam
1522 2155 1661 2270 vigilis
1689 2155 1770 2242 suit

502 2267 723 2366 efficaciae,
742 2285 789 2349 ut
805 2262 991 2349 aediliciis
1008 2265 1288 2366 exstruendis,
1305 2267 1606 2368 restaurandis,
1626 2265 1771 2379 ampli-

498 2381 649 2482 andiS,
678 2377 960 2480 exornandis,
988 2374 1168 2464 multam
1200 2376 1245 2465 δι
1272 2373 1499 2493 impensam
1538 2381 1768 2492 impertire-

503 2490 635 2582 tur&
662 2515 846 2606 operam.
896 2489 944 2578 ln
972 2487 1224 2690 apriculum
1245 2519 1348 2577 vero
1386 2489 1452 2575 fru
1481 2490 1603 2592 ibus,
1632 2489 1774 2576 rediti·
1860 2547 1867 2552 -

504 2609 667 2719 busque
696 2601 964 2691 extrahendis
1064 2599 1354 2689 conservandis
1379 2516 1517 2688 nulllis
1545 2607 1772 2719 operosior,

505 2715 645 2808 nullus
662 2719 806 2806 extitit
831 2713 1096 2830 diligentior,
1125 2715 1231 2800 adeo
1249 2717 1359 2801 utin
1386 2713 1550 2802 summa
1566 2717 1690 2802 lamis
1714 2718 1774 2800 in·

508 2835 635 2948 opia,
662 2859 759 2945 quae
777 2850 913 2918 totam
931 2825 1169 2943 profligavit
1194 2827 1446 2915 Teutoniam
1466 2890 1479 2930 ‚
1507 2831 1628 2915 bonis
1644 2828 1776 2912 omni·

444 3031 450 3052 ,
507 2949 588 3036 bus
605 2947 887 3045 exuberaret,
913 2943 1223 3054 onmibusque,
1250 2937 1319 3026 sed
1344 2943 1555 3055 praecipue
1581 2939 1656 3027 reli
1684 2940 1776 3025 iosrs

509 3059 554 3146 dt
572 3060 853 3174 pauperibus,
882 3051 1007 3171 pleno
1023 3057 1156 3170 copiae
1189 3052 1436 3139 ministraret
1464 3081 1606 3140 cornu.
1656 2969 1705 3139 ln
1729 3077 1774 3135 re

510 3169 705 3258 familiari
719 3198 768 3256 ac
796 3167 1019 3257 domestica
1040 3163 1274 3281 frugalis&
1291 3166 1562 3269 moderatus,
1590 3166 1699 3248 circa
1716 3158 1778 3249 so·

511 3282 672 3371 lemnes
687 3311 739 3400 ap
769 3304 912 3370 aratus
930 3280 976 3368 dt
1003 3275 1284 3395 spedabilium
1334 3275 1569 3390 ersonarum
1594 3274 1777 3362 celebres

512 3400 710 3488 introitus
800 3394 1059 3510 frequentias
1093 3391 1257 3480 lautum
1300 3421 1354 3496 e,
1382 3389 1595 3490 liberalem
1612 3395 1661 3475 a'c
1689 3415 1778 3473 ma·

542 3511 709 3600 nilicum
725 3508 962 3598 exhibebat.
1013 3505 1165 3621 quue
1189 3501 1375 3592 summos
1399 3506 1633 3622 principum
1671 3502 1781 3586 miro

495 3541 586 3738 ,sibi
604 3623 797 3714 devinxit
811 3619 993 3723 affedlu,
1023 3621 1288 3736 imperatoris
1315 3621 1446 3705 etiam
1474 3617 1520 3706 dt
1548 3613 1781 3704 aulicorum

513 3737 706 3828 favorem
731 3736 954 3824 concilians
983 3733 1029 3822 bt
1055 3736 1260 3848 gratiam,
1290 3727 1472 3847 ipsaeque
1498 3728 1693 3848 palatinae
1719 3755 1784 3814 ca·

515 3881 622 3956 nes,
649 3853 803 3966 quibus
820 3853 873 3938 ab
891 3849 1087 3935 omnibus
1113 3845 1300 3934 defertur
1317 3908 1328 3949 ,
1357 3848 1397 3930 ei
1426 3842 1654 3960 plurimum
1673 3840 1783 3927 dese

514 3967 674 4056 rebant.
708 3965 921 4054 Praeterea
938 3985 1036 4049 cum
1061 3956 1287 4049 Mediolani
1304 3955 1574 4055 rebellionem
1602 3954 1786 4154 &bLon

1581 4095 1635 4184 go
1664 4095 1725 4151 ar·
