4000 5417
508 420 614 497 Suc.
641 416 748 499 VIII
773 376 974 496 Cranno
1000 442 1145 499 nana.
1309 418 1317 425 ’
1386 449 1434 523 33

175 586 526 611 *nana——

175 638 526 661 -n-—ffl
1265 644 1442 663 —

175 742 245 806 tate
272 728 384 805 sancti
412 723 544 823 ipsius,
572 734 637 797 aut
655 722 760 799 santti
788 724 940 799 Martini
963 724 1025 800 vel
1051 726 1237 821 Remigii,
1258 726 1323 803 sed
1344 726 1438 803 sidi-

173 834 318 907 mittere
332 830 510 912 voluero,
536 838 623 899 tuuc
637 825 748 899 michi
764 850 842 899 xxx
865 826 980 903 libras
1003 826 1244 925 persolvatis3
1271 828 1309 905 dt
1330 826 1355 902 si
1374 854 1438 905 an·

173 947 232 1007 tea
247 956 322 1005 non
337 929 530 1025 reliquero,
555 925 630 1024 post
644 925 784 1000 obitum
800 948 925 1002 meum
936 924 1018 1023 jam
1040 929 1213 1027 praelatas
1229 956 1306 1005 xxx
1328 930 1438 1008 libras

173 1056 239 1131 pro
253 1032 387 1127 animae
402 1052 496 1105 meae
511 1028 670 1101 remedio
686 1028 905 1125 pauperibus
921 1031 981 1105 vel
998 1032 1046 1105 ad
1059 1031 1161 1107 casas
1187 1032 1254 1107 Dei
1265 1034 1436 1127 erogetIs.

173 1129 254 1211 Post
277 1155 400 1207 meum
416 1152 559 1227 quoque
585 1128 768 1203 discellum
790 1129 962 1227 quicquid
982 1134 1020 1207 iu
1036 1130 1116 1228 J'am
1142 1134 1239 1209 ditia
1260 1134 1352 1209 villa
1377 1134 1438 1211 vel

172 1234 357 1309 infinibus
377 1232 447 1307 suis
461 1227 664 1318 additum,
690 1231 891 1307 adtrattum
913 1234 1221 1333 melioratumque
1246 1235 1360 1311 fuerit
1382 1258 1439 1311 re·

172 1348 316 1435 pertum
331 1332 554 1411 &transitus
569 1354 675 1407 meus
691 1331 740 1406 ibi
756 1332 987 1431 dereliquerit
1002 1390 1013 1423 ,
1038 1336 1239 1412 cumomni
1253 1337 1358 1439 supra
1373 1361 1439 1435 po·

172 1436 236 1512 sito
262 1436 414 1512 restores
437 1434 546 1535 ipsius
571 1431 733 1511 ecclesiae
752 1431 860 1509 santii
885 1434 1062 1527 Nazarii,
1088 1443 1310 1539 agentesque
1333 1440 1438 1514 illius

173 1538 309 1636 absque
330 1538 444 1614 ullius
475 1535 678 1635 exspettata
698 1534 887 1611 audientia
918 1539 977 1613 vel
999 1540 1191 1615 traditione
1211 1542 1250 1617 iu
1275 1539 1436 1617 nostram

172 1638 405 1715 elemosinam
419 1639 478 1713 vel
492 1636 729 1713 substantiam
745 1636 1019 1729 monachorum,
1027 1642 1162 1717 ibidem
1176 1642 1292 1719 vitam
1299 1644 1435 1739 degeri-

172 1740 281 1828 tium,
296 1740 335 1813 in
349 1762 477 1815 eorum
491 1738 629 1815 saciant
641 1738 806 1813 revocari
832 1736 1048 1837 potestatem
1061 1744 1122 1817 vel
1137 1743 1434 1838 dominationem,

169 1841 283 1939 itaut
296 1840 471 1937 quicquid
490 1838 622 1915 exinde
648 1839 769 1915 facere
793 1862 856 1937 pro
877 1844 1125 1938 oportunitate
1150 1842 1354 1917 monasterii
1373 1847 1435 1919 de·

169 1942 376 2029 creverint,
402 1941 556 2017 liberam
571 1940 610 2017 dt
622 1940 863 2015 firmissimam
876 1941 916 2015 in
928 1943 1101 2019 omnibus
1112 1943 1273 2019 habeant
1287 1943 1438 2041 potesta·

171 2055 265 2117 tem.
299 2042 404 2129 Quod
421 2040 446 2115 li
471 2055 537 2117 aut
555 2066 624 2137 ego
643 2040 720 2141 ipse
746 2055 812 2117 aut
834 2042 937 2117 ullus
957 2043 1003 2117 de
1027 2044 1237 2119 haeredibus
1256 2044 1349 2118 meis
1380 2044 1466 2119 vel·

168 2142 352 2239 quaelibet
358 2143 505 2241 persona
521 2158 648 2219 contra
656 2144 752 2218 hanc
769 2144 1008 2218 donationem
1023 2145 1165 2240 aliquid
1173 2144 1364 2240 refragari,
1381 2146 1442 2219 vel

167 2245 398 2319 calumniam
424 2265 596 2337 generare
614 2242 907 2343 praesumpserit,
933 2245 1054 2333 illud,
1080 2246 1178 2343 quod
1193 2245 1340 2345 repetit,
1367 2268 1441 2319 non

166 2344 378 2435 evindIcet‚
404 2342 442 2422 dt
457 2345 603 2445 insuper
614 2358 762 2433 contra,
777 2346 838 2419 cui
853 2345 959 2421 litem
975 2346 1160 2435 intulerit,
1186 2346 1319 2421 solidos
1334 2346 1441 2444 quiri·

165 2448 297 2543 gentos
312 2460 530 2544 componat,
556 2446 595 2523 dt
616 2446 698 2523 haec
722 2446 875 2521 donatio
902 2444 975 2523 sive
994 2448 1159 2547 precaria
1173 2446 1280 2523 lirina
1295 2470 1437 2547 perma-

165 2564 276 2638 neat,
305 2549 533 2647 stipulatione
549 2546 710 2625 subnixa.
767 2545 907 2625 Atium
930 2548 969 2624 in
984 2550 1202 2627 monasterio
1223 2549 1438 2625 &moliaris

166 2650 229 2726 sub
244 2652 308 2727 die
333 2652 509 2727 kalendas
531 2651 655 2727 llllartii
669 2674 769 2727 anno
786 2650 894 2729 XXII
925 2652 1029 2748 regni
1060 2651 1202 2728 domini
1236 2650 1345 2728 nostri
1364 2650 1436 2728 Ca·
1471 2702 1502 2755 ι,
1527 2682 1621 2758 m

162 2754 233 2827 roli
258 2750 407 2846 gloriosi
431 2752 541 2845 regis.
570 2752 750 2847 ,Signum
777 2753 988 2829 Riirroroi
1016 2774 1217 2841 consitis,
1249 2753 1315 2850 qui
1338 2752 1435 2829 hanc
1511 2790 1587 2859 790.

161 2854 409 2927 donationem
435 2850 506 2921 live
532 2854 736 2944 precarium
756 2852 834 2925 lieri
865 2854 904 2931 ἃ
927 2855 1068 2932 firmari
1086 2856 1245 2955 rogavit.
1278 2854 1438 2950 signnm

164 2950 360 3028 Heriradi,
402 2948 561 3045 Signum
575 2948 758 3027 Waltheri
772 2950 811 3025 δι
826 2953 992 3033 aliorum
1045 2958 1127 3055 Ego
1139 2956 1326 3037 Rodufus
1338 2956 1437 3034 hane

163 3054 409 3131 donationem
425 3049 499 3127 sive
525 3048 730 3149 precariam
745 3049 872 3152 scripsi.

828 3254 845 3317 r

231 3374 420 3496 Donalio
438 3393 651 3493 transilitis
675 3248 984 3531 Drffiirotar
1001 3405 1044 3492 iii
1065 3406 1298 3501 Dinenlieim
1313 3410 1367 3509 Β
1510 3391 1514 3401 ’

667 3512 957 3604 Suniiinclur'm.

166 3698 225 3823 ln
247 3678 386 3756 Christi
412 3679 558 3754 nomine
579 3678 643 3755 sub
670 3678 733 3756 die
752 3680 868 3779 pridie
892 3682 1073 3758 kalendas
1106 3682 1327 3762 Novembris
1352 3709 1450 3762 anno
1479 3748 1520 3814 31
1552 3728 1623 3797 ω·

254 3780 368 3857 XXV
418 3782 518 3877 regni
543 3780 683 3857 domini
713 3782 825 3859 nostri
859 3783 982 3860 Caroli
1007 3786 1105 3883 regis
1126 3810 1197 3883 ego
1222 3790 1447 3867 Rncriruois
1520 3777 1597 3905 ⁹792,

172 3884 261 3959 Deo
281 3879 444 3969 sacrata,
469 3904 533 3983 pro
546 3884 710 3960 remedio
724 3886 860 3961 animae
875 3908 970 3965 meae
987 3887 1050 3963 seu
1063 3888 1306 3988 &genitricis
1327 3915 1371 3968 ac
1384 3916 1447 3989 ge-

166 3984 316 4063 nitoris
332 3985 407 4061 mei
421 3982 460 4061 dt
473 3988 637 4081 germani
651 3988 725 4066 inei
751 3988 996 4069 Hniiruiuci
1012 4006 1126 4092 atque
1150 3994 1352 4103 ErImberti
1371 3996 1445 4097 epi·

839 4086 879 4180 E
1278 4088 1389 4213 scopi
