4000 5417
485 398 591 476 Sec.
617 396 676 477 IX
703 398 964 475 Lunovrco
989 398 1031 475 ll
1057 418 1203 479 uuor.
1414 416 1462 487 ει

196 702 271 779 ri'us
285 700 432 803 praeest,
458 699 529 775 hoc
544 700 610 791 est,
637 700 782 799 inpage
797 715 1014 801 nuncupato
1038 702 1315 797 Lobodenguoe,
1340 695 1465 780 locum

196 804 411 901 quendam,
437 802 502 899 qui
521 802 731 895 nominatur
753 802 1034 899 Aberinesburg,
1062 804 1166 883 sicuti
1179 802 1301 903 -iplum
1325 802 1465 880 charis-
1559 824 1567 835 ·

194 905 297 982 srmae
313 901 459 1000 conjugi
472 904 600 983 nostrae
625 905 855 981 Lruronnnr
872 902 1064 1004 hucusque
1088 905 1289 1009 praestitum
1303 906 1463 983 habeba·

194 1029 309 1094 mus,
334 1005 374 1083 dt
394 1006 566 1104 quicquid
591 1006 767 1106 adipsum
790 1008 913 1084 locum
931 1005 1014 1105 jure
1030 1032 1074 1084 ac
1095 1008 1261 1104 legitime
1281 1008 1463 1108 pertinere

193 1108 362 1225 videtur,
388 1130 473 1224 curn
489 1107 686 1224 domibus,
711 1107 890 1225 aedificiis,
917 1111 1135 1210 mancipiis,
1163 1108 1291 1197 vineis,
1304 1111 1460 1228 campis,
1578 1158 1583 1166 ‚

192 1232 326 1389 iilic
340 1209 662 1398 ldilrrilllr
675 1207 1463 1409 illluflbllffllirdltllll:

195 1413 286 1501 bus,
311 1412 499 1499 exitibus,
523 1412 564 1489 dt
588 1410 811 1510 regreffibus.
863 1414 957 1493 Haec
982 1415 1094 1511 igitur
1117 1416 1243 1491 omnia
1259 1412 1342 1512 jam
1364 1414 1462 1491 ditio
1594 1425 1596 1436 '

192 1514 321 1591 abbati
336 1515 384 1589 ad
396 1513 593 1613 prefatum
607 1514 881 1615 monasterinm,
905 1515 944 1593 dr
959 1516 1134 1596 fratribus
1148 1517 1284 1600 ibidem
1297 1517 1460 1593 Domino

192 1615 464 1693 famulantibus
478 1618 515 1691 in
528 1615 835 1716 proprietatem&
847 1619 1133 1695 dominationem
1149 1633 1360 1718 perpetuam
1372 1641 1461 1695 con·

194 1716 441 1804 donavimus,
456 1716 495 1793 dr
508 1715 674 1821 jullnnus
698 1718 750 1793 eis
763 1716 841 1791 fieri
855 1718 926 1793 hoc
943 1718 1073 1796 nostre
1084 1721 1310 1795 auctoritatis
1325 1742 1459 1817 praeoe·

191 1832 330 1919 ptum,
356 1839 421 1915 per
436 1819 534 1914 quod
547 1820 745 1907 volumus,
771 1818 1001 1915 firmiterque
1012 1820 1263 1918 praecipimus,
1287 1832 1330 1893 ut
1342 1820 1387 1894 de
1400 1820 1462 1895 bis

191 1918 481 1995 omnibusnunc
494 1918 532 1995 dr
548 1921 716 2020 deinceps
738 1921 1021 2019 omnitempore
1043 1920 1199 1996 liberam
1211 1918 1375 1994 babeant
1398 1942 1462 2017 po·

193 2018 368 2097 testatem
390 2019 546 2095 faciendi
561 2022 773 2118 ,quicquid
798 2022 852 2097 eis
878 2019 1083 2119 placuerit,
1108 2034 1290 2119 quatenus
1309 2040 1373 2094 eos
1398 2040 1464 2117 pro

189 2120 323 2207 nobis,
349 2118 521 2215 conjuge,
547 2124 718 2220 proleque
732 2121 850 2197 nostra
865 2120 1150 2197 misericordiam
1165 2121 1315 2211 Domini
1330 2118 1466 2195 melius

188 2242 345 2319 exorare
358 2221 522 2297 deletiet.
572 2224 625 2297 Et
640 2238 682 2299 ut
693 2224 776 2298 haec
790 2220 923 2311 nostrae
936 2221 1169 2297 concellronis
1192 2220 1389 2297 austoritas
1404 2218 1465 2293 lir-

189 2320 507 2410 miorbabeatur,
533 2320 572 2400 dr
586 2346 651 2422 per
676 2324 804 2399 futura
818 2338 987 2423 tempora
1000 2346 1024 2399 a
1037 2322 1207 2399 fidelibus
1231 2320 1360 2397 nostris
1384 2342 1464 2396 me·
1548 2346 1552 2352 ⁴

188 2426 263 2501 lius
280 2422 471 2512 credatur,
498 2423 537 2500 dr
558 2425 771 2521 diligentius
795 2425 1035 2521 observetur,
1059 2446 1174 2502 manu
1186 2424 1332 2540 propria
1344 2420 1464 2497 nostra
1600 2492 1606 2503 .

188 2527 316 2603 subter
336 2548 419 2601 earu
445 2524 698 2616 firmavimus,
724 2524 764 2603 dt
785 2524 890 2603 anuli
914 2525 1024 2603 nostri
1048 2524 1273 2625 imprellrone
1296 2521 1464 2619 ndignari

184 2626 366 2725 jullrmus.
417 2624 597 2721 Arnolfps
611 2628 856 2705 cancellarius
875 2628 926 2703 ad
947 2627 1070 2705 vicem
1093 2626 1276 2705 liutberti
1296 2623 1464 2701 archica-

187 2729 333 2830 pellani
347 2730 541 2822 recognovi
563 2722 601 2803 &
625 2728 820 2827 subscripsi.
876 2730 977 2805 Data
1000 2728 1073 2807 XV
1092 2729 1280 2815 kalendas
1298 2724 1495 2806 Februa-.
1546 2819 1555 2837 .

185 2833 248 2919 rii,
267 2834 369 2901 anno
395 2826 881 2905 Dominieae-incarnationis
907 2830 1244 2919 DCCCLXXXII,
1268 2828 1463 2904 indiiiione

185 2934 247 3020 X,
277 2949 377 3002 anno
396 2926 448 3004 Vl
482 2925 694 3001 Hludowici
718 2916 924 3005 'lerenilbmi
951 2933 1061 3028 regis,
1111 2929 1250 3008 Atium
1269 2930 1462 3007 Fraom-

119 3078 123 3086 ·
179 3035 274 3132 furt
289 3028 429 3129 palatio
440 3026 543 3125 regio
557 3028 596 3105 in
620 3027 690 3103 Dei
702 3029 851 3105 nomine
866 3028 1034 3110 feliciter.
1050 3031 1187 3111 Amen.

186 3228 444 3409 peridem
470 3247 640 3341 tempus
679 3226 880 3341 praelatus
904 3258 985 3319 rex
1010 3188 1176 3321 cuidam
1216 3226 1464 3319 Humboldo
1605 3222 1614 3257 ⁴

134 3397 138 3405 ·
289 3339 401 3426 fideli
417 3335 717 3541 &offiium
735 3334 855 3426 [uum
871 3346 914 3427 in
929 3342 1124 3435 Alrsbeim
1141 3344 1335 3447 tradidit,
1350 3340 1467 3457 quod

189 3456 340 3577 postea
360 3452 487 3564 injus
614 3453 628 3537 i
654 3450 831 3542 Nazarii
851 3454 1020 3587 transsit.
