4000 5417
623 469 682 530 uu
707 467 837 528 unco
863 447 1156 529 Rnnunnon.
1236 491 1241 500 ·
1458 475 1539 558 ³0?
1674 423 1677 430 ⁴

257 763 299 838 in
317 759 534 837 monasterio
558 755 772 831 marom
786 755 851 834 sub
864 753 924 830 die
937 754 972 832 11
986 754 1073 830 idus
1088 753 1198 855 Junii.
1226 754 1385 852 Signum
1399 754 1531 834 Willo·
1568 765 1707 849 mon.

257 866 342 951 nis,
369 863 432 959 qui
464 861 561 936 hanc
586 858 821 937 donationem
844 857 959 945 fecit,
987 856 1131 953 fignum
1145 857 1360 945 ,Handolfi,
1399 857 1527 950 Dieto,
1657 879 1659 886 ⁴

257 962 470 1054 Wilibaldi,
495 961 767 1053 Lantbodonis,
792 957 1003 1059 Hungasti,
1030 957 1236 1058 Wolsgeti,
1261 960 1480 1045 Woisuvini.

834 1159 981 1256 CCIV.

258 1295 440 1391 Donatio
475 1292 702 1388 Guatbatms
727 1290 770 1384 in
795 1290 956 1384 Lesasm
982 1293 1036 1394 8
1061 1293 1103 1384 in
1136 1291 1391 1409 Dulgasbaa'm
1425 1323 1529 1388 anno

314 1410 535 1506 XXXIII
553 1409 671 1525 regni
687 1405 836 1497 domim
848 1406 970 1518 nostri
996 1407 1135 1522 magni
1151 1409 1297 1500 Karoli
1312 1409 1478 1532 impera·
1600 1467 1609 1474 -

608 1523 732 1626 toris,
762 1518 1011 1615 Richbodooe
1024 1524 1179 1610 abbate.

213 1765 216 1771 ,
259 1701 362 1832 Ego
376 1692 416 1768 in
441 1693 511 1768 Dei
524 1692 674 1769 nomine
708 1687 843 1764 Fricko
857 1708 924 1788 pro
945 1687 1111 1762 remedio
1136 1688 1272 1767 animae
1293 1689 1530 1782 Gunthelml,

339 1795 437 1889 quod
451 1792 526 1893 ipse
543 1794 637 1868 mihi
651 1790 831 1879 tradidit,
856 1790 953 1866 dono
969 1790 1018 1865 ad
1031 1788 1196 1874 faustum,
1208 1790 1408 1866 Nazarium
1432 1814 1532 1866 mar·

261 1905 385 1989 tyrem
402 1894 561 1981 Christi,
586 1894 651 1990 qui
665 1891 860 1990 reqmescit
883 1891 924 1968 in
937 1911 1089 1989 corpore
1104 1890 1143 1965 in
1168 1889 1408 1979 monasterio,
1434 1891 1534 1988 qnod

261 2009 417 2070 vocatur
442 1995 701 2084 Lauresham,
725 1994 798 2069 hoc
814 1992 891 2083 est,
917 2014 998 2069 rem
1014 2013 1137 2068 meam
1154 1991 1193 2067 in
1212 2015 1307 2091 pugo
1321 1992 1475 2106 Rinanss,
1491 1993 1531 2069 in

260 2094 354 2172 villa
378 2095 524 2183 sebaim,
540 2121 567 2171 x
579 2095 747 2192 jurnales
761 2097 808 2171 de
829 2109 928 2170 terra
950 2093 1080 2170 arabili
1095 2091 1134 2169 dc
1158 2107 1306 2193 pratum
1319 2095 1369 2169 ad
1388 2093 1438 2190 ij
1452 2116 1534 2170 can·
1596 2149 1675 2172 -...,.

259 2196 370 2272 radas
385 2197 481 2284 seni,
505 2196 630 2293 &ego
645 2197 779 2274 Fricko
794 2219 861 2295 pro
877 2195 1039 2273 remedio
1056 2194 1191 2271 animae
1206 2218 1301 2272 meae
1316 2195 1438 2293 donoj
1452 2194 1533 2291 jur·
1562 2209 1564 2214 '
1597 2187 1671 2205 “”“

258 2300 383 2374 nalem
404 2298 444 2372 in
473 2296 611 2377 Wornu.
640 2298 682 2372 in
706 2297 925 2392 Dulgasbdm
947 2321 971 2373 a
993 2295 1053 2371 die
1077 2295 1255 2395 praesente
1280 2297 1385 2372 trado
1417 2310 1531 2394 atque

258 2398 504 2486 transfundo,
531 2395 575 2476 ὅ
587 2410 700 2474 cetera
715 2421 844 2495 usqua:
877 2396 1014 2475 Acium
1040 2396 1091 2473 est
1111 2397 1151 2472 in
1183 2397 1401 2473 monasterio
1434 2399 1530 2473 Lau-

258 2494 393 2575 mium
409 2500 474 2576 sub
489 2499 550 2575 die
563 2497 810 2597 IlsnonMaji.
862 2499 1020 2596 Signum
1037 2498 1243 2605 Frickonis,
1257 2501 1322 2595 qui
1337 2498 1531 2576 secithanc
1583 2510 1696 2600 5.Maj.

258 2602 512 2690 donationem,
538 2599 684 2698 signum
717 2601 936 2691 Machelm‚
962 2599 1163 2691 Bertheri,
1190 2601 1414 2689 Berthelmi,
1440 2603 1532 2680 Get·

260 2702 392 2781 helmi.
425 2705 508 2800 Ego
522 2703 774 2801 Reginbertus
800 2703 921 2804 scripsi
934 2703 1034 2782 hanc
1059 2703 1296 2784 donationem
1307 2715 1473 2802 rogatus.

867 2903 981 2995 CCV

258 3026 440 3130 Donatio
460 3025 651 3144 Autfrsdi
678 3029 731 3130 Θ
761 3028 944 3127 Rodbirn
959 3033 1001 3122 in
1021 3035 1183 3152 Eriseld
1196 3063 1297 3124 anno
1315 3034 1394 3129 XI
1413 3039 1531 3154 regni

374 3142 522 3233 domiai
537 3141 661 3256 nostri
676 3145 823 3234 Karoli
837 3150 1001 3262 magni,
1030 3149 1247 3240 Helmerico
1265 3151 1416 3239 abbata.
1471 3233 1477 3238 .

260 3323 313 3455 ln
344 3309 480 3390 christi
500 3309 649 3389 nomine
668 3332 739 3406 ego
767 3311 920 3392 Autsrid
944 3315 983 3392 dc
997 3316 1130 3428 conjnx
1146 3340 1230 3394 mea
1254 3317 1444 3394 Roudbirn
1465 3314 1531 3392 do·

312 3437 446 3491 namus
471 3415 605 3512 pariter
619 3413 668 3490 ad
682 3413 845 3488 sancium
869 3417 916 3494 N.
934 3433 1138 3514 martyrem
1164 3418 1259 3506 Dei,
1287 3419 1349 3514 qui
1363 3417 1526 3512 requies·

257 3516 315 3589 cit
334 3519 374 3590 in
398 3514 631 3605 monasterio,
657 3515 759 3613 quod
773 3531 928 3595 vocatur
942 3520 1192 3607 Lauresham,
1206 3519 1245 3593 in
1262 3540 1356 3612 pago
1371 3515 1530 3605 Rinenfi,

260 3615 334 3690 hoc
348 3615 399 3690 est
424 3618 586 3706 invilla,
611 3641 697 3716 quae
711 3616 847 3693 dicitur
870 3615 1085 3713 Erifaldun,
1111 3616 1287 3714 quidquid
1304 3616 1439 3691 ibidem
1460 3617 1530 3694 ha·

243 3717 348 3824 §bere
366 3715 431 3791 visa
443 3716 603 3806 suimus,
617 3733 697 3796 tam
719 3717 881 3806 mansus,
906 3717 1033 3808 terris,
1047 3719 1209 3816 campis,
1235 3715 1359 3814 pratis,
1373 3717 1529 3817 pascuis,

264 3817 428 3918 perviis„
455 3817 579 3906 silvis,
604 3820 803 3908 domibus,
829 3819 1023 3909 aedificiis,
1050 3819 1183 3917 aquis,
1209 3839 1437 3913 aquarumve
1469 3821 1537 3898 de·'

152 4013 155 4016 ἢ
262 3917 447 4005 curfibus,
454 3919 622 3995 totum&
638 3921 892 4018 adintegmm,
905 3923 1134 4000 omnia&ex
1148 3919 1319 3996 omnibus
1333 3943 1355 3996 a
1371 3920 1528 4020 dieprae·

260 4017 365 4099 sente
377 4019 536 4099 uado&
557 4021 799 4128 taanssundo,
826 4019 869 4105 sa
884 4038 1136 4125 ceteramque:
1161 4045 1248 4104 cum
1267 4035 1422 4124 cogente
1445 4022 1528 4102 fisco

883 4127 957 4228 Qq
978 4152 1005 4208 a
1393 4126 1476 4206 auci
