4000 5417
470 480 526 534 ru
554 475 681 533 eruo
706 456 1090 536 Loaonoueusr.
1364 480 1442 561 :581

1266 680 1444 697 m

168 774 269 866 linga
283 764 346 864 vjjj
359 765 526 863 jurnales
542 763 588 859 de
612 776 709 837 terra
724 757 969 835 arattuiadm.
1023 757 1159 835 naum
1175 763 1213 836 in
1228 764 1444 849 monasterio

168 874 395 947 lauresham.
423 868 582 962 Signum
607 861 842 948 Hiltdifridi,
867 860 933 965 qni
952 860 1051 937 hanc
1071 861 1308 941 donationem
1340 865 1440 947 fecit.

168 972 323 1051 Samuel
337 969 484 1070 scripsit.

718 1076 944 1169 DCCXX.

300 1212 307 1226 ’
428 1210 608 1302 Donatio
634 1208 839 1299 Fridrrr'ri
866 1207 1057 1296 iraeadem
1079 1208 1184 1299 oilla.

170 1376 372 1528 Vicesrmo
396 1380 502 1461 Vllll
526 1400 624 1453 anno
648 1374 751 1473 regni
766 1376 925 1475 praediffl
946 1374 1179 1475 imperatoris
1195 1401 1265 1475 ego
1289 1378 1446 1457 Frideri·

252 1508 319 1560 cus
333 1487 430 1558 dono
445 1482 493 1558 ad
510 1480 672 1555 sanaum
698 1479 766 1554 Dei
782 1494 984 1573 martyrem
1009 1479 1212 1556 Nazarium
1221 1482 1341 1558 &oin
1361 1483 1445 1557 Uar·-

171 1589 302 1682 br'linga
328 1600 404 1663 tres
428 1583 598 1660 videlicet
615 1578 753 1675 jornal.
777 1580 823 1654 de
845 1593 942 1655 terra
967 1582 1130 1657 araturia
1147 1584 1185 1656 in
1209 1584 1278 1659 Dei
1294 1586 1444 1661 nornine

170 1688 432 1789 perpetualiter
447 1686 495 1760 ad
510 1682 742 1781 poffidendos.
796 1679 934 1755 Atium
948 1680 987 1754 in
1003 1683 1217 1759 monasterio
1231 1686 1444 1761 lauresham

170 1788 401 1886 stipulatione
416 1785 587 1870 subnixa,
612 1783 701 1857 Xlll
715 1782 894 1859 kalendas
920 1780 1020 1879 Julii.
1072 1784 1230 1881 Signum
1251 1787 1446 1879 Friderici‚
1480 1810 1534 1881 19.
1552 1790 1632 1871 Jun.

171 1891 237 1987 qui
251 1891 347 1964 hanc
362 1887 596 1963 donationem
612 1884 719 1971 lecit,
734 1884 877 1981 signum
890 1881 1118 1979 ‚Sigehelmi‚
1134 1886 1312 1979 aaronis,
1333 1890 1447 1969 Lam.

171 1992 276 2071 berti.
328 1984 736 2087 Reginbertusscripsrt.
871 2005 879 2015 ·
1376 1988 1384 2003 ·

694 2184 941 2279 DCCXXI.

304 2352 307 2357 ·
417 2314 598 2411 Duratio
631 2313 700 2407 W
692 2311 841 2429 olfheri
868 2312 911 2399 in
944 2315 1075 2401 eadem
1098 2313 1208 2406 villa.

197 2512 222 2561 n
239 2483 309 2561 Dei
322 2482 473 2583 nomine
486 2505 558 2578 ego
583 2480 772 2560 Wolfheri
794 2502 861 2579 pro
882 2480 1046 2556 remedio
1067 2482 1203 2560 animae
1220 2504 1314 2561 meae
1331 2485 1370 2563 dr
1385 2510 1451 2586 pa·

220 2600 367 2663 rentum
383 2607 572 2672 meorum,
598 2583 818 2658 Erkenberti
831 2580 869 2657 &
894 2582 1153 2678 Hiltdibirgae,
1181 2584 1278 2659 dono
1293 2588 1341 2661 ad
1368 2589 1450 2665 san·

176 2788 370 2879 Wibilinga
385 2786 471 2861 sitos
486 2785 715 2884 stipulatione
733 2782 900 2859 subnixa.
926 2784 1065 2859 Altum
1080 2786 1118 2859 in
1141 2790 1357 2866 monasterio
1368 2792 1450 2887 jam

172 2886 267 2960 diuo
288 2884 359 2958 Xll
373 2886 553 2959 kalendas
570 2885 675 2956 Febr.
693 2907 792 2956 anno
807 2883 968 2958 XXXVI
984 2885 1086 2981 regni
1102 2887 1242 2963 domini
1261 2891 1366 2965 nostri
1377 2894 1452 2969 Ka·
1491 2928 1545 2994 19.
1561 2906 1636 2985 Jan,

172 2988 242 3063 roli
254 2985 362 3081 regis.
395 2984 554 3078 Signum
572 2982 782 3069 wolfheri,
794 2983 861 3077 qui
877 2982 976 3059 hanc
990 2984 1226 3064 donationem
1241 2990 1342 3068 fecit.
1376 2994 1453 3073 Re-

173 3088 367 3186 ginbertus
392 3082 540 3185 scripsit.

646 3352 657 3375 .
705 3282 971 3425 DCCXXII.

258 3433 440 3528 Donatio
460 3428 689 3570 vBultlrardi
716 3431 770 3529 &²
796 3430 1004 3521 Friomr'm'
1032 3429 1075 3517 ia
1101 3433 1230 3519 radam
1248 3433 1357 3525 oilla.

174 3600 310 3737 Anno
323 3600 458 3675 dehinc
465 3599 637 3700 proximo
651 3597 817 3693 ejusdem
830 3598 1061 3696 imperatoris
1073 3622 1144 3696 ego
1159 3600 1335 3679 Baldrart
1347 3626 1452 3702 pres·

264 3702 372 3795 byter
387 3700 427 3778 ἅ
451 3701 636 3779 Friouuini
659 3702 921 3797 donamus'pro
948 3700 1085 3776 anirnae
1099 3704 1262 3779 remedio
1288 3706 1450 3783 Ruttrici

161 3802 226 3883 ad
249 3801 410 3877 landum
433 3805 480 3878 N.
507 3818 710 3898 martyrem
736 3800 956 3880 Christi-dre.
983 3804 1083 3899 quod
1104 3802 1175 3903 ipse
1199 3805 1302 3881 nobis
1336 3830 1454 3885 manu

174 3902 391 4005 potestativa
406 3904 582 3993 tradidit,'
592 3903 608 4001 j
625 3905 798 3981 videlicet
822 3902 1016 3992 mansum,
1041 3904 1079 3980 in
1103 3902 1313 4003 Wibilingrn
1329 3909 1453 4001 fitum,

173 4030 266 4085 cum
280 4004 444 4085 domo&
457 4004 1078 4189 amnibusaedifieiisssppprposrtim
1104 4006 1143 4087 dr
1168 4022 1307 4089 terram
1325 4026 1454 4089 aratu·
1500 4014 1584 4099 3:

376 4152 382 4169 ·
628 4152 635 4164 ,
970 4132 997 4207 3
1303 4136 1403 4193 nam
