4000 5417
521 420 631 510 Suc}
658 428 692 505 X
718 428 884 509 Orrorru
914 428 979 507 ill.
1008 450 1156 505 nunu.
1413 459 1427 508 1
1436 454 1482 534 ῃ

216 594 571 623 *nuh-a·—

218 736 311 839 quo'd
326 740 377 815 eli
391 734 635 829 construstum
658 734 696 808 in
720 732 857 809 honore
878 733 1075 810 beatorum
1090 734 1336 835 apostolorum
1362 735 1483 824 Petri,

217 842 394 928 depasti,
420 838 483 913 ubi
498 837 537 912 dt
560 835 697 911 ssnslus
723 835 902 911 Nazarius
924 852 1069 933 martyr
1093 860 1244 937 corpore
1277 827 1483 933 requiescit,¹

217 944 316 1041 quod
331 942 383 1017 est
400 940 508 1013 situm
526 940 563 1013 in
576 961 668 1037 pago
684 935 847 1035 tinioso,
873 936 977 1037 super
990 939 1147 1015 fluvium
1177 938 1349 1034 ngoz,
1375 940 1482 1027 obtu-

215 1046 258 1123 lit
272 1042 464 1119 obtutibus
490 1038 617 1115 nostris
644 1038 894 1113 auctoritatem
916 1040 1162 1118 immunitatis
1187 1040 1314 1115 domni
1328 1037 1367 1115 dt
1382 1040 1482 1135 gerri-

217 1146 310 1221 toris
331 1142 441 1219 nostri
466 1143 582 1217 bonae
606 1140 804 1215 memoriae
829 1142 1030 1230 Orronrs,
1063 1142 1297 1242 immtatoris
1321 1140 1484 1238 augusti,

215 1246 378 1344 qualiter
397 1244 495 1318 idem
522 1243 666 1339 genitor
680 1240 800 1315 noster
824 1241 937 1339 ipsum
959 1243 1217 1319 monasterium
1239 1244 1287 1318 ob
1314 1265 1481 1318 amorem

215 1348 304 1435 Dei,
331 1346 699 1443 tranquilitatemque
723 1342 882 1417 fratrum
904 1344 1040 1421 ibidem
1070 1346 1364 1432 consistentium,
1389 1344 1482 1420 sem·

179 1478 181 1481 ·
217 1470 285 1547 per
299 1447 362 1523 sub
374 1446 573 1546 plenissima
587 1445 743 1523 mitione
768 1442 1069 1523 &immunitatis
1093 1448 1295 1525 defensione
1311 1446 1360 1525 ab
1379 1446 1482 1522 omni

218 1548 473 1646 inquietudine
494 1546 710 1643 judiciariae
735 1544 921 1643 potestatis
939 1547 1124 1624 consistere
1138 1547 1310 1635 secisset’,
1336 1562 1482 1649 propter
1593 1576 1600 1585 ·

219 1650 438 1727 firmitatem
462 1664 590 1725 tamen
614 1648 667 1723 rei
692 1646 891 1745 postulavit
914 1672 981 1723 nos
1004 1648 1207 1748 praedittus
1237 1650 1483 1726 Salemannus

218 1752 337 1839 abba,
363 1768 406 1827 ut
420 1766 614 1851 paternum
630 1769 774 1823 morem
789 1746 976 1845 sequentes
1000 1747 1249 1843 hujuscemodi
1262 1746 1399 1823 nostrae
1416 1752 1484 1824 irn-

218 1853 418 1929 munitatis
444 1864 680 1949 praeceptum
704 1848 750 1924 ob
778 1850 1023 1941 reverentiam
1046 1847 1155 1923 sandi
1180 1848 1486 1945 Nazariimarty·

219 1956 302 2039 ric,
326 1954 389 2049 qui
403 1953 538 2028 ibidem
559 1974 706 2051 corpore
728 1948 944 2046 requiescit,
970 1950 1066 2025 circa
1090 1949 1101 2022 i
1127 1948 1203 2023 ium
1231 1946 1488 2023 monasterium

220 2053 305 2129 sieri
319 2053 559 2128 censeremus.
610 2050 726 2149 Cujus
750 2051 917 2149 petitioni
942 2051 1055 2127 obeo
1094 2051 1200 2125 ilium
1215 2049 1255 2126 dt
1280 2050 1491 2128 interventi-

218 2178 333 2231 onem
360 2154 511 2229 dilestae
531 2154 634 2230 aviae
658 2152 801 2228 nostrae
826 2152 1095 2227 Anucnurors
1111 2175 1155 2227 ac
1169 2148 1405 2249 'charissinae
1428 2173 1492 2247 ge·

218 2254 362 2333 ultricis
376 2254 517 2329 nostrae
542 2256 804 2340 subornans,
826 2252 1105 2351 imperatricum
1128 2250 1302 2327 videlicet
1320 2250 1491 2347 augusta·

220 2380 329 2443 rum,
356 2379 422 2430 nec
436 2380 511 2430 non
525 2354 740 2431 &fidelium
748 2352 960 2429 nostrorum
985 2352 1154 2448 Willigifi
1183 2352 1424 2448 Mogontinae
1438 2350 1489 2425 se·

221 2460 282 2533 dis
296 2458 511 2533 venerabilis
536 2454 818 2556 archiepiscopi,
846 2468 961 2552 atque
988 2452 1191 2529 Hildibaldi
1207 2450 1488 2531 Wormatienlis

220 2560 309 2635 cleri
341 2558 543 2635 honorandi
562 2558 756 2658 praesulis,
783 2556 940 2633 libenter
957 2552 1137 2631 alsensum
1160 2553 1420 2654 praebuimus,
1447 2552 1487 2629 dt

220 2661 294 2735 hoc
320 2660 457 2735 nostrae
473 2660 697 2736 austeritatis
723 2671 962 2758 praeceptum
982 2679 1073 2753 erga
1092 2656 1210 2757 ipsum
1224 2654 1486 2731 monasterium

221 2760 264 2837 dt
279 2762 479 2836 monachos
498 2762 634 2835 ibidem
660 2762 739 2834 Deo
760 2760 990 2848 militanteS,
1017 2757 1267 2835 immunitatis
1289 2772 1398 2855 atque
1413 2756 1487 2831 tui·

222 2861 338 2937 tionis
353 2883 396 2934 ac
420 2859 606 2931 firmitatis
619 2860 767 2951 gratia,
788 2882 852 2955 pro
867 2862 981 2935 divini
999 2863 1124 2936 cultus
1137 2881 1263 2933 amore
1277 2857 1317 2935 δι
1341 2858 1488 2933 aninrae

200 2959 370 3037 ¹nostrae
385 2956 564 3042 remedio,
588 2954 666 3028 fieri
693 2956 949 3046 decrevimus,
973 2981 1037 3055 per
1051 2960 1149 3058 quod
1173 2960 1417 3059 praecipimus
1430 2971 1488 3034 at-

223 3084 301 3158 que
311 3057 501 3156 jubemus,
527 3059 571 3133 u't
583 3054 711 3130 nullus
731 3050 842 3147 judex
866 3051 1034 3157 publicus
1055 3062 1116 3137 vel
1142 3062 1317 3155 quislibet
1331 3084 1378 3136 ex
1388 3057 1488 3156 judi·

226 3162 345 3237 ciaria·
354 3158 557 3259 potestate,
581 3168 647 3232 aut
668 3154 768 3229 ullus
792 3180 838 3231 ex
852 3158 1022 3235 fidelibus
1040 3161 1167 3236 nostris
1188 3175 1267 3237 tarn
1291 3159 1488 3261 praesenti-
1607 3218 1610 3221 .

224 3264 298 3339 bus
311 3284 422 3359 quarn
436 3260 474 3337 δι
491 3256 636 3335 'futuris
649 3256 688 3330 in
703 3258 865 3334 ecclesus
880 3273 947 3336 aut
959 3261 1039 3336 loca
1055 3263 1117 3339 vel
1129 3283 1239 3357 agros
1253 3264 1314 3339 seu
1329 3262 1491 3358 reliquas
1522 3314 1526 3325 ·

227 3360 450 3464 possessiones
465 3356 638 3460 praediiii
653 3356 875 3445 monasterii,
889 3383 988 3456 quas
999 3362 1174 3437 moderno
1188 3376 1351 3462 tempore
1365 3362 1489 3458 inqui-

225 3464 389 3542 buslibet
410 3462 517 3562 pagis
543 3459 603 3535 vel
621 3456 812 3535 territoriis
832 3458 926 3535 infra
949 3462 1126 3537 ditionem
1150 3466 1251 3559 regni
1277 3460 1492 3557 nostrijuste

227 3566 270 3645 dc
290 3565 459 3661 legaliter
484 3560 655 3659 poffidet‚
677 3560 744 3633 ¹vel
762 3580 856 3655 quae
880 3560 1051 3659 deinceps
1071 3586 1096 3635 a
1113 3564 1306 3637 catholicis
1330 3564 1420 3637 viris
1440 3563 1492 3637 ei·

225 3669 319 3743 dem
343 3664 500 3739 collatae
525 3662 660 3737 suerint
684 3657 928 3748 monasterio,
961 3661 1011 3735 ad
1032 3661 1159 3737 causas
1183 3663 1407 3749 audiendas,
1433 3662 1495 3759 vel

223 3766 336 3845 sceda
374 3778 440 3839 aut
462 3763 597 3838 tributa
618 3757 826 3858 erigenda,¹
853 3774 920 3838 aut
934 3762 1140 3841 mansiones
1154 3765 1214 3839 vel
1238 3776 1388 3863 paratas
1401 3762 1492 3839 faci·

226 3868 374 3954 endas,
401 3878 466 3941 aut
484 3860 701 3959 fidejussores
721 3864 928 3951 tollendos,
954 3878 1021 3941 aut
1040 3852 1216 3941 homiues·
1234 3864 1343 3967 ipfius
1368 3889 1495 3943 mona·

225 3970 353 4059 stetis,
380 3980 459 4045 tam
479 3966 656 4066 ingenuos
680 3988 793 4067 quam
809 3965 934 4145 sergos
946 4018 958 4057 ,
983 3966 1090 4069 super
1109 3968 1370 4071 terramipsrus
1393 3990 1493 4079 com-

856 4146 861 4157 .
1293 4092 1445 4153 manen·
