4000 5417
544 437 649 547 Suc.
674 433 747 514 XII
772 433 1060 514 anuarco
1086 433 1104 512 l
1130 459 1239 516 ruo.
1436 443 1511 540 2⁶9

240 655 1512 684 mm*

266 745 494 841 Asturcotio
509 746 705 860 frequens
728 742 834 872 inter
842 742 1010 944 {ratres
1024 737 1286 859 Lauriffenses
1303 735 1356 836 Εἰ
1375 737 1479 826 cives

236 931 349 1146 Sub
364 972 514 1058 eodem
534 993 724 1086 tempore
743 883 869 1056 veiius
888 882 1380 1101 gilfigoensjaltercatio
1397 966 1506 1051 inter

319 1083 471 1170 fratres
499 1077 920 1173 Laureshammenses
948 1082 993 1168 bu
1026 1109 1140 1170 crves
1158 1109 1201 1168 m
1229 1080 1416 1190 Angeren
1445 1073 1467 1162 s
1491 1123 1507 1142 ·

234 1223 311 1312 per
328 1194 492 1283 ecclefia
519 1198 675 1282 ibidem
701 1194 805 1296 fita,
832 1192 1001 1281 smodali
1025 1195 1195 1283 decreto
1222 1192 1334 1310 apud
1367 1191 1507 1302 Traje·

235 1308 351 1399 stum
369 1309 450 1397 hoc
465 1308 595 1397 modo
623 1307 887 1422 oonquievit:

794 1435 957 1527 CLXII

233 1564 286 1693 ln
305 1554 598 1672 numine-suillae
622 1551 663 1630 ἀ
683 1550 886 1664 indiuiduae
912 1501 1112 1670 Trinitatis.
1140 1553 1223 1650 Ego
1238 1553 1506 1671 Gpouuurnus

285 1657 354 1731 Des
376 1669 496 1752 gratia
516 1654 676 1756 ecclesrae
701 1653 934 1748 Trajetiensis
959 1655 1164 1754 episeopus,
1190 1657 1362 1731 ommbus
1385 1654 1503 1730 fideli-

232 1755 305 1832 bus
320 1771 451 1832 notum
466 1757 581 1846 facio,
607 1755 846 1856 praesentibus
859 1753 898 1832 δι
912 1754 1144 1854 postmodum
1157 1753 1311 1842 suturis,
1336 1758 1437 1852 quod
1450 1758 1505 1830 le·

232 1871 343 1950 gatus
358 1858 501 1932 abbatis
515 1859 562 1933 de
585 1855 725 1956 Leuso,
750 1879 838 1931 eum
852 1856 1059 1955 pulsaretur
1073 1877 1198 1930 coram
1211 1855 1317 1930 nobis
1333 1879 1398 1954 pro
1415 1857 1505 1932 aedi·
1655 1923 1658 1930 .

231 1957 326 2031 ficiis
350 1957 511 2037 ecelefiae
532 1959 572 2034 in
594 1959 759 2054 Angeren
782 1956 1055 2045 restaurandis,
1085 1956 1158 2031 hoc
1183 1957 1334 2031 tandem
1361 1953 1504 2051 judicio

231 2057 353 2132 totius
369 2057 484 2134 sinodi
501 2061 682 2155 generalis
712 2059 895 2149 obtinuit,
922 2058 1021 2158 quod
1042 2057 1254 2157 parochiani
1277 2058 1317 2132 in
1341 2057 1505 2150 Angerm

229 2159 420 2234 ecelesiam
432 2177 566 2259 praeter
588 2161 835 2237 sanauarium
849 2162 888 2236 in
911 2161 1030 2248 testo,
1056 2159 1095 2237 δι
1111 2161 1150 2235 in
1174 2159 1318 2236 caeteris
1338 2156 1504 2235 aedificils

228 2257 448 2346 restaurare,
474 2263 582 2357 eique
596 2263 795 2338 luminaria
805 2261 889 2357 jure
913 2260 1106 2360 providere
1121 2263 1291 2337 debeant.
1325 2259 1418 2346 Quia
1434 2258 1503 2354 igi-

226 2369 289 2433 tur
301 2359 465 2435 nostrum
477 2359 553 2449 est,
575 2360 673 2458 justa
683 2361 823 2458 judicia
842 2361 1079 2451 confirmare,
1104 2359 1233 2458 injusta
1249 2382 1336 2438 vero
1352 2358 1503 2435 studiose

73 2507 94 2546 ,
225 2461 456 2559 propulsare,
482 2463 657 2540 abbatem
673 2465 719 2538 de
744 2463 857 2540 Lorsa
871 2463 912 2540 u
936 2464 1126 2541 ecclesiam
1152 2462 1320 2539 suamab
1344 2459 1415 2536 hac
1430 2462 1501 2536 im-

224 2563 399 2674 petitione
413 2563 658 2654 absolvimus,
684 2563 722 2642 &
737 2589 784 2641 ne
798 2565 985 2664 quispiam
1011 2565 1118 2644 illam
1135 2587 1196 2642 aru
1223 2564 1295 2641 lius
1312 2563 1417 2662 super
1429 2561 1500 2638 hu-

224 2661 430 2757 Juscemodi
445 2665 649 2764 inquietare
664 2668 887 2766 praesumat,
914 2667 1129 2746 auttoritate
1143 2693 1191 2747 no
1241 2689 1264 2741 a
1278 2663 1379 2741 omni
1388 2663 1500 2764 modo

117 2793 122 2800 ¹
224 2765 474 2860 prohibemus.
524 2767 588 2842 Ad
603 2769 895 2846 confirmandam
904 2791 994 2848 vero
1006 2769 1120 2867 hujus
1133 2771 1185 2847 rei
1199 2767 1499 2866 veritatemprae·

226 2861 367 2974 sentem
391 2864 576 2939 scedulam
600 2869 824 2963 impressione
846 2870 956 2946 nostri
978 2872 1086 2968 sigilli
1111 2871 1387 2950 corroboratam
1410 2891 1498 2946 con·

226 2958 334 3036 scribi
348 2957 541 3078 iussimus,
563 2967 715 3040 nomina
739 2990 884 3063 quoque
907 2971 1080 3060 illorum,
1106 2970 1171 3070 qui
1192 2971 1388 3071 praesentes
1409 2969 1496 3044 ade·

223 3074 327 3150 rant,
352 3061 656 3152 subnotavimus,
682 3080 867 3144 uteorum
882 3069 1112 3164 testimonio,
1138 3074 1238 3171 quod
1248 3071 1263 3171 j
1268 3071 1342 3149 uste
1357 3070 1495 3147 fastum

223 3162 300 3253 est,
325 3177 452 3241 ratum
474 3163 513 3242 δι
533 3166 789 3244 inconvulsum
813 3171 1035 3270 inposterum
1058 3175 1251 3253 habeatur.
1302 3173 1398 3252 Haec
1411 3171 1495 3251 sunt

222 3265 377 3380 nomina
390 3263 561 3344 testium:
588 3267 812 3346 Godefridus
825 3272 977 3370 majoris
990 3276 1150 3355 ecclefiae
1165 3273 1495 3377 praepofitus,Aze·

187 3423 195 3430 -
220 3365 321 3444 lmus
336 3369 515 3458 decanus,
541 3371 725 3470 Jordauus
738 3374 1071 3470 praepositussansti
1095 3379 1296 3466 Bonisacii,
1322 3375 1495 3453 Andreas

221 3470 436 3564 praepofitus
450 3471 509 3549 Sti
526 3472 637 3562 Petri,
652 3470 897 3551 Theodericus
911 3476 1124 3575 praepositus
1149 3475 1404 3564 Embricensrs,
1418 3475 1495 3550 Go-

218 3565 385 3646 desridus
399 3574 614 3671 praepositus
639 3571 837 3663 Tielensrs,
862 3573 1052 3652 Amoldus
1066 3579 1280 3679 praepositus
1302 3577 1411 3651 santii
1431 3575 1493 3676 Ju-

220 3665 369 3746 hannis.
421 3675 584 3750 Decani:
610 3676 854 3764 Lampeties,
880 3677 1145 3768 Hermasmus,
1172 3677 1386 3766 cunradus,
1412 3678 1491 3753 Ru·

216 3767 355 3886 dolsus.
406 3774 605 3852 canonici:
618 3776 803 3866 Alardus,
828 3779 1058 3866 Everardus,
1071 3781 1251 3882 Jonathas
1266 3777 1373 3854 santii
1387 3779 1490 3854 Mar·

216 3878 314 3989 uni}
341 3871 564 3990 Heinricu8‚
589 3879 802 3969 Rudolfus,
827 3881 1103 3971 Lothewicus,
1129 3881 1335 3980 Ricquinus
1377 3879 1489 3957 sansti

216 3967 422 4072 Bonifacii3
445 3975 698 4074 Alebrandus,
723 3983 940 4073 Heinricus,
967 3983 1173 4078 Rudolfus,
1200 3982 1364 4166 ΟάοΙάιὲε
1380 3979 1492 4062 fausti
1532 4005 1542 4014 '¹

334 4130 342 4144 ι
866 4087 929 4166 Ll
954 4115 978 4188 3
1352 4087 1434 4180 etri;
