4000 5417
304 420 307 438 Ι
432 497 436 503 ·
493 489 498 502 ·
560 485 631 567 173
929 451 1447 539 Casumncusrt'tm

553 792 646 866 -res,
674 789 857 879 pepones
875 821 886 864 ‚
914 763 1058 894 porri,
1087 790 1202 894 cepae
1219 762 1265 849 bt
1282 758 1377 847 allia
1393 760 1558 849 abunde
1571 757 1826 880 suppetunt,

557 879 603 966 dt
651 905 697 960 ro
726 871 830 961 ossis·
846 901 1034 961 carorum
1089 896 1246 960 raturta
1268 903 1319 960 oo
1349 876 1389 958 ia
1416 872 1603 989 piscium.
1660 875 1823 968 Cessam

556 993 623 1078 nie
654 985 847 1074 'lominus
873 988 916 1072 in
941 902 1207 1097 Mitissimum
1236 902 1407 1076 ccsffl
1425 991 1545 1074 annis
1571 983 1824 1093 desolatam,

557 1102 831 1203 restauravit,
860 1099 905 1188 ἃ
930 1096 1159 1186 necessariis
1195 1101 1298 1187 vitae
1324 1095 1508 1186 subsidiis
1536 1099 1720 1216 impense
1745 1101 1825 1187 col·

556 1213 673 1316 latis,
693 1208 905 1327 religiosos
924 1215 1024 1298 inibi
1040 1211 1192 1299 fratres
1209 1213 1422 1299 adunavit.
1478 1211 1563 1299 Hic
1579 1234 1711 1327 pater,
1728 1243 1822 1300 cum

556 1355 632 1444 per
649 1329 870 1412 continuos
898 1352 1055 1432 novem
1080 1353 1212 1410 annos
1231 1327 1274 1410 in
1300 1319 1461 1411 summa
1485 1352 1588 1440 pace
1611 1326 1657 1413 dt
1683 1330 1822 1439 quiete
1886 1360 1891 1364 ·

559 1439 762 1527 creditam
792 1439 864 1524 fibi
919 1435 1149 1525 ubernasset
1172 1435 1410 1539 familiam,
1455 1435 1619 1532 decimo
1642 1439 1731 1549 jam
1769 1442 1824 1524 in·

498 1613 501 1622 -
559 1553 719 1653 stante,
747 1466 936 1639 navicusa
964 1549 1373 1640 Laureshammenfis
1391 1545 1570 1635 ecclefiae
1585 1545 1720 1637 subito
1738 1579 1822 1638 ma·

444 1698 446 1706 ’
559 1667 651 1779 gnis
669 1667 797 1778 coepit
817 1663 961 1774 jasiari
976 1660 1183 1765 ssusiibuS,
1210 1663 1398 1750 Domino
1414 1657 1509 1768 Jesu
1520 1667 1707 1778 peccatis
1735 1667 1820 1751 exi·

434 1777 441 1790 '
560 1778 752 1890 gentibus
770 1777 1034 1872 dormiente3
1063 1778 1137 1906 qui
1157 1797 1299 1860 tamen
1314 1773 1434 1863 solita
1461 1770 1682 1863 clementia
1708 1775 1820 1863 disci·

439 1903 441 1910 ’
508 1943 515 1958 ·
559 1887 755 2004 polorum
775 1887 967 2004 precibus
984 1883 1227 1988 suscitatus,
1255 1888 1392 1974 statim
1409 1882 1578 2002 surgens
1604 1892 1823 2006 imperavit

558 2002 758 2090 ventis&
779 2004 915 2104 mari,
945 2001 990 2088 dt
1006 1997 1115 2087 india
1134 1999 1192 2086 est
1208 1997 1485 2114 tranquillitas
1500 2029 1571 2085 ma
1653 2066 1663 2087 .
1709 2003 1821 2092 Nam

556 2141 633 2230 per
650 2115 877 2227 quosdam,
901 2110 1040 2228 'magis
1058 2141 1155 2226 quae
1170 2109 1268 2220 sua,
1297 2140 1427 2226 quam
1440 2127 1555 2226 quae'
1565 2029 1660 2222 stisu
1677 2113 1820 2204 Christi

557 2249 826 2340 quaerentes‚
855 2225 1025 2312 libertas
1048 2226 1234 2337 ejusdem
1258 2223 1438 2311 eoelefiae
1465 2225 1723 2339 aliquantum
1746 2231 1821 2312 im·

586 2337 676 2425 asia
692 2339 863 2450 quidem
891 2339 967 2440 est,
996 2333 1066 2424 sed
1094 2339 1190 2426 Deo
1205 2341 1387 2453 propitio
1402 2367 1480 2423 nec
1497 2335 1714 2441 labefacta,
1741 2368 1820 2424 nec

556 2365 725 2538 subada
754 2451 839 2547 estr
884 2477 981 2564 quae
1018 2479 1087 2536 res
1122 2453 1275 2563 quibus
1312 2450 1552 2539 audioribus
1579 2447 1818 2556 emerserit,

556 2587 737 2675 quemve
765 2565 930 2648 exitum
954 2566 1187 2676 acceperit,
1245 2585 1341 2651 rout
1365 2564 1635 2676 amajoribus
1663 2593 1818 2686 memo·

451 2759 452 2766 Ν
555 2675 632 2769 riae
651 2675 852 2762 tradition
871 2675 956 2779 est,
985 2674 1194 2763 {uictima
1224 2679 1446 2791 tingamus.

669 2889 895 2979 Heinricus
910 2893 1168 3008 imperator,
1195 2889 1381 3012 utsupra
1406 2895 1616 3002 diximus,
1644 2900 1733 2987 vita
1747 2913 1821 2986 ex·

554 3002 705 3089 cedens
722 3001 890 3124 reliquit
917 3003 1049 3091 silium
1065 3005 1289 3123 parvulum
1317 3012 1608 3123 cognominem
1627 3007 1719 3112 sui,
1746 3014 1823 3094 im·

551 3117 755 3229 peratrice
792 3119 960 3232 Agnete
989 3115 1084 3207 loco
1120 3117 1192 3203 filii
1219 3148 1317 3207 cum
1345 3122 1505 3208 caeteris
1543 3123 1821 3206 obtimatibus

552 3231 842 3342 regnicuram
878 3228 1216 3335 administrante,
1246 3259 1374 3345 quem
1402 3236 1525 3321 Anno
1561 3228 1819 3320 Colonienfis
1867 3245 1872 3254 '

554 3335 881 3456 archiepiscopus
901 3403 913 3444 ‚
941 3344 1008 3429 vir
1024 3344 1068 3427 in
1083 3343 1167 3430 Dei
1185 3346 1310 3432 rebus
1329 3342 1661 3462 spectabimus,
1691 3344 1740 3433 dt
1759 3349 1823 3432 in·

400 3480 405 3498 ·
426 3543 429 3558 ,
552 3471 622 3538 ter
638 3451 816 3538 ecclefiae
831 3457 1031 3568 regnique
1048 3457 1255 3572 principes
1270 3455 1602 3574 incomparabilis
1618 3456 1664 3546 δι
1685 3461 1826 3550 nomi·

549 3565 676 3652 nis&
691 3567 844 3671 meriti,
861 3563 1006 3682 dolens
1023 3597 1048 3651 a
1071 3591 1228 3673 matre,
1256 3590 1448 3678 materno
1466 3569 1639 3686 quidem
1654 3569 1828 3676 assessu,

550 3671 619 3764 sed
635 3707 720 3765 non
736 3676 941 3792 ‚regaliter
966 3684 1140 3767 enutriri
1159 3713 1170 3780 3
1200 3680 1357 3792 habito,
1370 3684 1639 3797 quorundam
1676 3689 1830 3803 princi·

548 3817 652 3904 pum
680 3789 872 3896 confisi0,
902 3819 1000 3880 eum
1024 3824 1050 3879 a
1077 3799 1226 3882 matris
1254 3799 1431 3912 imperio
1448 3802 1623 3913 rapuit),
1655 3800 1705 3889 ὃ(
1732 3798 1831 3888 sicet

547 3903 746 4017 grandem
767 3904 840 3992 fibi
858 3933 916 3994 ex
933 3905 1014 3991 hoc
1028 3905 1271 3994 conflaverit
1287 3893 1508 4013 invidritnr,
1537 3907 1703 4000 litteris
1729 3915 1831 4002 divi·

504 4083 509 4097 ,
549 4019 616 4106 nis
635 4015 680 4108 dt
708 4014 930 4122 humanis,
960 4020 1209 4135 caeterisque
1245 4018 1493 4139 disciplinis,
1521 4024 1678 4229 regaldii
1692 4025 1833 4158 indole

1678 4166 1776 4258 gnis
