4000 5417
516 451 624 532 Sec.
649 445 723 525 XII
747 439 1036 524 Furor-:arco
1061 447 1080 525 l
1105 468 1210 524 rnre.

242 621 595 645 m*

237 763 362 838 ximus
378 761 456 837 dies
473 757 611 834 solvere
624 753 875 851 neglexerim,
900 751 1129 831 haereditatis
1143 750 1253 852 ipsius
1265 753 1303 830 dc
1313 752 1396 851 jure
1411 755 1449 834 dr
1464 757 1510 833 ti-

238 865 319 940 tulo
350 875 527 962 perpetuo
547 869 723 942 careant,
748 853 951 953 &praecisa
972 855 1077 932 omni
1102 855 1336 953 repetitione,
1364 859 1509 935 nullum
1673 926 1688 938 .

238 965 285 1039 de
298 980 431 1040 caetero
447 962 496 1036 ad
511 958 628 1059 ipsam
643 955 830 1032 recursum
845 955 1020 1033 habeant.
1071 957 1212 1034 Verum
1227 973 1269 1032 ut
1287 957 1398 1054 hujus
1424 959 1510 1038 faui

237 1065 419 1144 memoria
439 1064 479 1138 in
503 1060 688 1160 posterum
712 1057 1042 1136 commendabilius
1067 1073 1306 1156 prorogetur,
1331 1062 1508 1159 nullaque

237 1163 411 1263 deinceps
436 1161 703 1263 praescriptione
723 1157 796 1233 five
810 1159 849 1232 in
862 1159 1021 1234 deterius
1036 1162 1308 1258 permutatione
1327 1162 1510 1240 rescinda-

237 1278 325 1355 tur,
350 1267 533 1342 cartulam
547 1265 645 1341 hanc
662 1259 712 1336 ad
725 1258 918 1355 utriusque
938 1263 1053 1357 partis
1068 1263 1342 1340 munimentum
1368 1263 1406 1341 dt
1422 1290 1509 1343 cau-

237 1367 355 1444 telam
371 1367 539 1445 unanimi
566 1359 742 1441 consensu
764 1357 803 1436 dt
829 1359 1083 1461 subscriptione
1108 1366 1240 1442 exinde
1261 1367 1506 1460 confecimus,

236 1469 278 1546 dt
291 1469 454 1549 ecclefiae
467 1467 599 1546 nostrae
615 1463 735 1560 sigillo
747 1514 759 1549 ,
772 1473 816 1535 ut
831 1461 927 1538 infra
940 1463 1105 1552 videtur,
1130 1467 1404 1560 roboravimus,
1419 1496 1506 1548 con·

238 1569 408 1648 firmante
421 1572 493 1647 hoc
507 1567 624 1669 ipsum
637 1566 855 1640 idonearum
870 1577 980 1662 atque
1006 1566 1249 1662 probabilium
1272 1573 1507 1668 personarum

238 1673 389 1749 oculata
403 1672 474 1748 fide
488 1671 526 1748 dr
548 1665 780 1752 testimonio,
804 1686 962 1761 quorum
981 1665 1064 1742 haec
1089 1667 1171 1743 sunt
1190 1672 1351 1746 nomina.
1403 1677 1506 1752 Cun-

237 1775 351 1849 radus
374 1768 653 1852 Wormatiensrs
676 1764 885 1865 episcopus,
922 1763 1121 1840 Heinricus
1146 1767 1507 1853 Laureshammensrs

237 1874 379 1960 abbas,
405 1873 642 1967 Nibelungus
664 1865 916 1943 vicedominus
938 1865 977 1944 dr
999 1864 1215 1964 praepositus
1241 1869 1349 1947 santti
1375 1875 1506 1965 Pauli,

236 1972 443 2068 sigefridus
456 1971 670 2074 praepositus
683 1967 790 2044 santii
816 1967 933 2055 Petri,
958 1965 1155 2045 Cunradus
1170 1969 1383 2068 praepositus
1397 1974 1506 2054 santii
1560 2065 1566 2075 ,

239 2071 420 2162 Andreae,
445 2075 640 2152 Cunradus
653 2067 865 2169 praepofitus
883 2067 1004 2144 sandi.
1017 2067 1193 2165 Cyriaci,
1220 2071 1417 2150 Heimicus
1443 2077 1507 2152 de-

237 2196 353 2250 canus
368 2171 519 2270 majoris
530 2171 708 2259 ecclesa,
723 2169 922 2248 Heinricus
936 2182 1083 2257 cantor,
1099 2170 1377 2265 Meginhardus,
1394 2177 1507 2253 Eber-

234 2273 404 2360 hadas,
428 2275 624 2350 Gernodus
638 2271 815 2347 canonici.
868 2273 925 2347 De
946 2269 1238 2348 ministerialibus
1260 2275 1507 2355 Wormatien·

233 2373 354 2450 fibus:
373 2373 584 2472 Sigefridus
609 2371 648 2450 ἃ
668 2373 782 2448 frater
799 2368 881 2466 ejus
904 2372 1123 2448 Burlrardus
1142 2374 1187 2448 de
1211 2373 1336 2451 Sicine.
1390 2379 1505 2456 Gisel.

233 2473 387 2565 bertus,
421 2475 638 2576 Johannes,
669 2472 880 2568 Sigebodo,
913 2474 1137 2568 Ruggerus,
1169 2475 1365 2554 Heinricus
1391 2479 1505 2559 frater
1540 2565 1544 2576 ,

233 2573 340 2671 ejus’,
366 2575 593 2653 Adelhunus
607 2573 646 2652 dt
662 2573 794 2650 fratres
808 2573 887 2662 sui,
914 2573 1099 2649 Geriahus
1121 2573 1161 2651 dt
1186 2576 1365 2654 Richinzo
1388 2582 1505 2662 frater

233 2674 338 2772 ejus,
366 2679 628 2765 Ravenoldus,
661 2675 878 2772 Reginbodo
911 2675 958 2751 de
989 2674 1257 2774 lobedunburg,
1292 2679 1505 2766 Heinricus,

233 2776 291 2852 De
306 2778 678 2863 civibuszHertricus,
691 2777 914 2866 Dietmarus,
928 2777 1168 2867 Wernherus,
1182 2781 1374 2873 Gerlacus,
1388 2785 1504 2866 Eber-

233 2875 399 2959 hardus,
424 2876 649 2960 Heinricus,
675 2877 933 2964 Godebertus,
957 2878 1167 2974 Sigebodo,
1192 2881 1401 2980 johannes,
1429 2888 1504 2964 Da-

203 3041 209 3048 .
234 2975 325 3062 vid,
350 2973 574 3059 Wilrardus,
600 2971 639 3046 ἃ
670 2974 735 3046 alii
767 2975 888 3050 multi.
943 2975 999 3050 De
1023 2980 1320 3060 ministerialibus
1345 2987 1504 3064 Lauros·

233 3071 535 3151 harumensrbus:
560 3071 781 3162 Cunradus,
806 3075 1059 3169 Bertholdus‚
1084 3083 1303 3175 Gemodus,
1336 3087 1502 3165 Burkar-

234 3177 324 3267 dus,
350 3174 539 3262 Hartlieb,
566 3171 802 3252 Hildebertus
817 3178 863 3253 de
883 3175 1123 3270 Wnrnbeim,
1150 3182 1274 3274 Crast‚
1299 3185 1502 3280 Arnoldus,

233 3279 463 3366 Giselhems,
490 3272 703 3352 Hildericus
715 3277 760 3351 de
786 3277 1011 3380 Balnsheim,
1036 3282 1276 3363 Rumhardus
1299 3289 1337 3364 δι
1352 3287 1503 3388 ingram

232 3379 280 3455 de
294 3378 556 3456 Hmsruerber'm.
610 3374 749 3451 artum
783 3379 1053 3461 wormatiae..
1069 3385 1174 3461 ‚kal
1199 3387 1291 3483 Maji
1304 3413 1400 3465 anno
1427 3392 1502 3466 Do-
1519 3419 1597 3506 ,apg
1622 3427 1722 3495 Ἠῶ,

233 3481 382 3561 minicae
403 3477 667 3557 incarnationis
694 3475 835 3554 MCLX
849 3531 861 3565 ,
876 3479 1088 3558 indittione.
1104 3536 1114 3557 .
1133 3536 1143 3558 .
1161 3485 1363 3584 imperante
1390 3491 1501 3584 glori-

233 3578 384 3658 osrlsrmo
398 3584 616 3679 imperatore
641 3577 826 3656 Friderico
841 3603 998 3655 anno...
1005 3581 1218 3678 praesidente
1233 3588 1271 3660 in
1292 3587 1501 3689 episcopatu
1529 3591 1532 3596 ⁴

232 3679 488 3758 Wormatiensr
501 3681 651 3755 domino
664 3681 837 3757 Conrado
862 3677 1030 3777 episcopo
1045 3704 1158 3757 anno.
1170 3735 1200 3757 ..
1216 3683 1255 3758 in
1269 3685 1418 3767 abbatia
1434 3716 1499 3768 au·

231 3793 313 3877 tem
338 3780 681 3856 Laureshammensr
702 3781 852 3861 domino
876 3779 1054 3862 Helenen
1077 3781 1210 3864 abbate
1235 3809 1343 3868 anuo.
1363 3844 1372 3865 .
1392 3791 1499 3872 .feli·

231 3880 322 3962 citer
345 3881 386 3960 in
401 3879 554 3963 -Christo
567 3904 688 3966 amen.

1394 4103 1448 4180 Dr
