4000 5417
1062 719 1264 812 ccxut.

486 853 668 953 Donatr'o
682 851 890 966 Batdagis
908 854 949 941 ia
966 851 1096 942 eadem
1112 846 1339 982 villasaffa
1365 881 1469 942 aaao
1493 855 1694 954 XXIIII
1706 889 1768 950 ra·

541 1091 546 1098 ,
575 967 654 1083 gm'
673 965 886 1058 Ladorar'ai
895 965 966 1082 pii
983 967 1266 1082 imperatores,
1283 965 1499 1080 Adalaago
1525 973 1679 1062 abbate.

488 1139 593 1277 Ego
609 1133 648 1210 in
662 1133 732 1209 Dei
746 1133 894 1210 nomine
918 1131 1100 1229 Batdagis
1112 1155 1178 1232 pto
1199 1132 1362 1208 remedio
1384 1135 1520 1213 animae
1535 1159 1631 1216 meae
1646 1137 1685 1216 dt
1700 1142 1766 1217 do·

573 1235 665 1312 mini
690 1237 765 1310 mei
791 1237 1024 1334 Guutnnmr
1051 1257 1219 1312 commis
1246 1236 1342 1310 dono
1374 1237 1423 1311 ad
1457 1237 1620 1316 santium
1645 1243 1769 1321 Naza-

490 1341 591 1419 rium
605 1353 810 1434 martyrem
838 1337 998 1427 Christi,
1024 1337 1087 1436 qui
1103 1337 1294 1435 requiescit
1310 1337 1348 1413 io
1368 1359 1518 1438 corpore
1532 1340 1573 1416 in
1587 1345 1769 1421 monaste·
1847 1427 1851 1436 ,

490 1442 567 1530 rio,
594 1441 695 1539 quod
709 1452 863 1516 vocatur
887 1439 1145 1526 Lauresbam,
1170 1462 1250 1514 rem
1272 1461 1397 1516 meam
1412 1441 1450 1516 in
1463 1441 1581 1532 villa,
1607 1467 1694 1542 quae
1707 1448 1766 1521 di·

490 1546 591 1620 citur
616 1543 838 1641 Pbaagrstaa‚
848 1538 876 1637 jj
903 1541 1048 1630 hubas,
1074 1563 1166 1638 quas
1190 1539 1283 1616 m'ihi
1306 1541 1458 1621 tradidit
1477 1540 1557 1640 jam
1582 1545 1762 1645 praefatus

490 1648 747 1722 Gunteramus
754 1665 870 1718 manu
882 1641 1102 1742 potestativa
1117 1665 1242 1719 coram
1256 1643 1396 1720 idoneis
1415 1643 1583 1734 testibus,
1608 1647 1646 1724 dt
1660 1648 1768 1746 quid·

491 1747 584 1844 quid
598 1746 647 1820 ad
662 1746 811 1819 easdem
826 1744 949 1820 hubas
965 1744 1130 1840 legitime
1143 1746 1324 1845 pertinere
1339 1746 1502 1837 videon,
1525 1761 1604 1824 tam
1619 1749 1767 1839 mansis,

491 1847 618 1933 terris,
644 1847 776 1945 pratis,
791 1844 958 1942 pascuis,
983 1846 1138 1946 perviis,
1154 1845 1272 1937 filvis,
1299 1849 1431 1946 aquis,
1459 1873 1687 1947 aquarumve
1701 1852 1767 1926 de·

490 1945 672 2036 cursibus,
698 1947 822 2022 omnia
837 1943 876 2022 dt
890 1971 938 2021 ex
953 1949 1126 2025 omnibus
1151 1951 1257 2026 trado
1273 1966 1389 2047 atque
1405 1951 1624 2030 transfundo
1644 1952 1682 2028 in
1699 1951 1715 2050 j

491 2048 757 2129 &dominium
783 2046 891 2125 sanffi
915 2048 962 2125 N.
989 2045 1032 2128 ὅ
1051 2054 1201 2151 reliqua,
1216 2049 1382 2152 utsupra
1403 2077 1531 2151 usqae:
1558 2053 1695 2131 Attum
1722 2055 1761 2132 iu

491 2149 706 2230 monasterio
730 2150 944 2224 Laurasram
962 2149 1026 2228 sub
1040 2153 1099 2228 die
1127 2154 1194 2229 1111
1210 2153 1293 2228 idus
1319 2151 1474 2252 Aprilis.
1508 2153 1667 2250 Signum
1683 2157 1762 2233 Ba·

490 2254 616 2350 dagis,
642 2253 708 2350 qui
732 2251 830 2326 banc
863 2253 1100 2330 donationem
1120 2253 1231 2342 fecit,
1257 2253 1400 2350 fignum
1426 2253 1669 2330 Rauranum
1693 2281 1761 2331 co-

490 2377 633 2443 mum,
661 2352 916 2450 Engiihebni,
940 2351 1107 2443 Alberti,
1133 2353 1324 2450 Rudingi,
1350 2354 1532 2440 Rutberti‚
1558 2354 1759 2442 Rathsridi,

490 2457 638 2554 Eriogi,
664 2455 899 2545 Erkenberti,
925 2455 1122 2544 Heriradi,
1148 2453 1400 2550 Eigelwatdi‚
1426 2453 1666 2546 Ekkehardi,
1691 2453 1758 2533 Ri·
1902 2535 1906 2542 ,

489 2557 622 2650 dandi,
648 2557 861 2656 Meginoldi.
886 2553 1079 2636 Altwiuus
1103 2553 1251 2654 seripfit.

1031 2753 1215 2848 CCXX.

487 2818 671 2996 Danubio
691 2882 807 2978 Vdar
827 2878 916 2973 Deo
919 2866 1112 2998 sacratae
1137 2851 1373 3008 aaaaIIII
1390 2879 1509 2996 regas
1533 2875 1681 2971 domiai
1695 2911 1762 2974 ao-

491 3099 495 3109 .
533 2997 617 3110 stri
631 2997 779 3092 Karoli
808 2992 947 3106 magni
965 2991 1529 3192 &masapha-mperatum&
1558 2997 1712 3088 Gunde-

489 3274 549 3416 Si
562 3271 703 3375 aliquid
716 3274 762 3350 de
782 3272 892 3351 rebus
911 3269 1042 3347 nostris
1064 3269 1113 3347 ad
1134 3271 1217 3347 loca
1233 3269 1438 3348 fundorum
1463 3257 1576 3350 velia
1599 3271 1758 3352 substau-

560 3377 653 3454 tiam
667 3399 873 3479 pauperum
886 3374 1136 3460 conferimus,
1160 3371 1232 3448 hoc
1247 3373 1352 3450 nobis
1367 3375 1495 3475 procul
1509 3374 1620 3452 dubio
1633 3375 1757 3456 Deum

488 3477 921 3559 inaeternabeatitudine
934 3475 1132 3553 retribuere
1146 3473 1378 3552 confidimus.
1432 3477 1514 3573 Ego
1528 3477 1656 3576 itaque
1671 3481 1758 3557 Uda

488 3581 570 3659 Deo
583 3581 723 3660 sacrata
737 3583 834 3657 dono
850 3579 898 3654 ad
912 3577 1073 3654 [anuum
1088 3575 1136 3654 N.
1151 3591 1356 3674 martyrem
1372 3599 1485 3654 unam
1508 3579 1683 3676 petiolum
1700 3578 1757 3657 vi·

488 3707 572 3762 neae
595 3685 636 3760 in
649 3709 747 3784 pago
772 3677 937 3770 Rinensr,
953 3681 993 3755 in
1010 3681 1092 3754 loco
1110 3692 1320 3779 nuncupato
1343 3679 1601 3776 Addalahaag,
1626 3680 1687 3757 cui
1708 3680 1755 3758 de

482 3783 629 3885 jlatere
662 3783 876 3882 adjungitur
894 3804 954 3858 res
978 3780 1101 3877 Elegii
1114 3781 1331 3880 presbiteri,
1355 3781 1401 3858 de
1425 3782 1498 3858 alio
1519 3804 1606 3859 vero
1638 3784 1754 3860 latere

486 3887 662 3965 consortis
674 3887 749 3974 sui,
775 3883 840 3984 qui
857 3881 974 3982 ipsam
989 3882 1138 3957 vineam
1161 3883 1392 3973 diviserunt,
1417 3883 1560 3961 trado'a
1585 3883 1645 3959 die
1659 3906 1752 3983 prae·

485 3985 584 4068 sente
620 3985 886 4096 perpetualiter
913 3983 963 4062 ad
986 3981 1250 4088 possidendum
1297 3987 1341 4066 si
1362 3987 1448 4086 quis
1480 4007 1567 4070 vero
1587 3979 1631 4062 st
1642 3997 1754 4101 caere

547 4115 571 4128 ··
1582 4107 1698 4162 amara
