4000 5417
522 473 1253 586 Sec.XilHn1un1coVnucn‚
1429 446 1504 579 »αξ

233 697 590 728 *ρ

332 781 581 868 stetinum
596 795 705 860 tuum
728 781 886 861 litientla
899 785 1014 862 corda
1027 783 1228 872 recursum,

333 891 410 970 Vix
427 885 694 985 expectabant,
719 884 758 961 dt
777 885 919 992 semper
936 887 984 964 ad
1004 885 1103 962 hunc
1125 883 1328 975 inhiabant,
1358 923 1366 934 ·

334 992 392 1068 De
409 1009 549 1064 merore
564 986 670 1084 gravi
684 984 864 1085 sperantia
880 987 915 1065 se
936 987 1103 1078 relevari,
1124 1001 1128 1009 “

335 1092 443 1170 Unde
458 1088 711 1176 molestamur,
736 1089 982 1190 lacrymisque
990 1112 1057 1190 per
1070 1111 1136 1165 ora
1149 1089 1326 1188 rigamu.

336 1193 390 1268 Et
403 1188 653 1289 quiavenisti‚
680 1188 796 1265 salvet
810 1203 847 1266 te
865 1193 986 1287 gratia
1011 1190 1155 1281 Christi,
1303 1213 1308 1222 ·
1395 1205 1399 1212 ·

335 1293 419 1370 Hos
435 1291 702 1390 &conquestus
716 1289 854 1367 nostros
869 1292 1026 1369 adtende
1051 1292 1233 1370 misertus.

335 1395 434 1472 Sunt
446 1394 560 1491 igitur
585 1393 670 1469 tetii
695 1393 844 1491 quidam
871 1393 985 1496 specie
1012 1394 1227 1482 monachili.

337 1495 433 1574 Diui
456 1498 504 1572 dc
531 1495 635 1572 millo
659 1493 845 1572 Milienles
870 1497 1021 1572 nomine
1043 1496 1174 1593 digno,

285 1679 294 1685 ,
336 1597 459 1675 Farris
487 1595 700 1693 sylvestres,
726 1594 898 1675 lilvestn‘a
924 1597 1033 1672 corda
1060 1610 1247 1693 gerentes,

336 1701 411 1788 Qui
435 1697 536 1796 quali
556 1698 721 1773 doftores
746 1697 950 1774 discurrunt
975 1721 1038 1796 per
1063 1699 1241 1794 regiones,

336 1799 571 1898 Simplicium
596 1811 740 1877 mentes
764 1797 909 1876 versute
934 1797 1169 1897 decipientes.
1322 1868 1325 1876 .

338 1901 425 1976 Hoc
450 1913 576 1976 autern
600 1912 740 1976 temere
766 1899 991 2000 praesumunt
1016 1897 1149 1974 scisma
1173 1895 1316 1984 docere,

338 2002 447 2089 Quod
472 2023 591 2098 neque
616 2003 674 2076 vir
698 2017 838 2100 nuptus
863 1999 960 2076 casta
980 2021 1128 2102 quoque
1152 1993 1308 2094 conjuge
1321 1990 1483 2088 fundare,

338 2102 392 2178 Et
417 2125 485 2178 nec
510 2102 676 2197 legitimo
702 2103 837 2178 mulier
861 2103 998 2177 sociata
1023 2101 1171 2188 marito,

338 2203 529 2298 Umquam
557 2202 770 2291 salventur,
798 2201 862 2278 nili
887 2204 1050 2301 primum
1073 2199 1318 2290 dillocientut,

334 2303 389 2378 Et
414 2323 498 2398 quae
521 2301 743 2400 poffideant,
768 2301 936 2399 disjuncti
960 2303 1093 2378 cunita
1114 2301 1337 2400 relinquant.
1419 2305 1425 2312 ’
1541 2341 1547 2354 ·

335 2402 421 2478 Hoc
447 2401 535 2498 quia
556 2400 605 2490 ¹fit
629 2403 763 2479 falsum
789 2405 911 2502 legale
926 2403 1057 2504 probat
1068 2403 1343 2479 documentum.

334 2502 437 2581 Nam
462 2525 549 2580 cum
576 2503 668 2579 lecit
687 2503 815 2581 Adam
839 2507 966 2593 Deus,
992 2525 1148 2581 uxorem
1162 2503 1264 2579 dedit
1289 2505 1429 2598 Evam,

336 2601 566 2705 Instituitque
591 2605 684 2682 duos
709 2607 815 2682 velut
839 2629 915 2682 uno
940 2628 1092 2706 corpore
1113 2601 1272 2703 juncos,
1430 2695 1442 2706 .

334 2705 436 2802 Lege
461 2706 651 2794 maritali,
678 2708 886 2805 mentisque
912 2707 984 2783 lide
1010 2707 1144 2796 sociali,

336 2805 405 2898 Ad
426 2827 544 2898 genus
568 2807 776 2884 humanum
801 2809 997 2906 procedere
1022 2807 1358 2908 multiplicandum,

337 2903 397 2978 Ne
422 2901 551 2976 fierent
575 2905 615 2978 in
639 2907 693 2978 eis
718 2908 880 2982 desertus
904 2911 1135 3006 posteritatis.

340 2998 441 3075 Dicit
465 2997 504 3074 δι
528 2999 704 3075 humanae
730 3003 848 3100 stirpis
872 3006 986 3082 satior
1015 3011 1118 3085 Deus
1141 3009 1229 3110 ipse,
1263 3001 1272 3010 ’
1575 3075 1586 3090 .

339 3098 381 3180 A
395 3098 436 3196 se
453 3093 687 3196 conjunctum
713 3100 804 3180 solvi
828 3128 904 3184 non
927 3107 1023 3208 polle
1047 3133 1113 3210 per
1137 3112 1271 3200 ullum,
1305 3199 1308 3204 ,
1456 3126 1470 3166 «·

338 3201 601 3301 Praeceptoque
625 3200 706 3299 pari
730 3207 883 3284 mandat
907 3208 1083 3287 sententia
1106 3213 1224 3302 Pauli,
1243 3225 1248 3234 ·

340 3304 396 3384 Ut
420 3303 478 3379 vir
503 3303 553 3378 ad
577 3322 734 3384 uxorem
758 3304 905 3385 servans
928 3333 1043 3410 quem
1068 3313 1178 3391 debet
1203 3335 1380 3405 amorem,

296 3418 298 3422 ’
341 3403 510 3484 Christus
535 3418 577 3480 ut
601 3401 818 3494 ecclesiam,
842 3407 976 3489 sincere
1002 3414 1134 3508 diligat
1157 3415 1274 3504 illam,

340 3506 400 3585 Ac
429 3507 531 3581 velut
554 3527 629 3580 una
656 3522 742 3580 caro
767 3523 942 3588 maneant
967 3513 1007 3588 in
1031 3513 1156 3595 federe
1178 3537 1275 3590 caro.

302 3655 305 3664 ·
340 3608 476 3684 Multae
502 3605 584 3683 sunt
609 3606 694 3684 aliae
719 3607 920 3700 novitates,
946 3612 1141 3708 dogmata,
1166 3614 1280 3700 sestae,

342 3705 553 3783 Danda-fel
577 3707 616 3784 in
641 3709 777 3798 melle,
802 3734 896 3808 quas
921 3733 1014 3808 grex
1038 3712 1208 3798 docet&
1234 3710 1325 3788 colit
1347 3711 1423 3802 ille,
1509 3703 1517 3721 ’

191 3901 201 3914 ⁴
343 3807 463 3896 Quas,
489 3809 574 3904 quia
601 3809 683 3887 sunt
707 3833 827 3902 vanae,
852 3812 1016 3914 piget&
1041 3815 1154 3914 pudet
1177 3835 1419 3902 enumerare,

346 3907 440 3995 Quae
464 3928 553 4005 rogo
577 3913 623 3988 de
649 3915 841 3992 monachis
855 3916 1079 3993 miliensrbus
1104 3916 1199 3992 hant
1224 3915 1342 4019 stupet
1367 3912 1482 4007 auris,

346 4006 572 4122 illorumque
596 4015 699 4117 loqui
710 4015 771 4096 cui
795 4041 870 4102 non
894 4016 967 4202 stop
980 4019 1085 4200 fsatta
1107 4017 1250 4123 pudori,
1377 4121 1416 4203 A

1104 4155 1109 4162 ·
1415 4130 1460 4200 ut
