4000 5417
499 382 605 461 Sec.
630 380 685 459 XI
711 380 974 459 Hammo
1000 384 1036 461 11
1065 349 1212 463 neor.
1399 410 1466 485 155

106 699 115 732 ‘
196 688 392 777 orna-inde
410 684 458 760 ad
472 696 639 759 montem
664 680 853 783 Molscum,
879 687 968 763 inde
980 689 1194 764 extenditur
1208 689 1256 763 ad
1277 687 1465 781 Vatisberg,

196 792 326 867 deinde
346 790 396 866 ad
416 785 683 873 -Barrnlriricha,
708 785 829 885 postea
849 788 898 863 ad
922 789 1118 880 Luddera,
1143 791 1274 865 deinde
1296 790 1336 863 in
1365 786 1467 867 Wu-

194 897 331 992 arausio
347 945 358 980 ,
373 888 518 969 ,dehinc
543 888 582 962 in
606 887 833 976 Laborabo,
858 890 942 965 inde
957 890 997 965 in
1023 890 1219 979 Eberhard,
1246 890 1375 990 postiu
1392 888 1465 975 (iu-

186 991 343 1093 spanza,
370 991 453 1067 inde
467 990 505 1063 in
530 986 786 1077 Admodum,
813 990 942 1065 deinde
957 992 1057 1067 ultra
1084 993 1335 1088 Coniugesbarh
1344 1014 1435 1167 ff
1485 1073 1495 1089 ‚

194 1096 233 1169 in
251 1094 500 1177 Birrunam,
526 1104 615 1165 tunc
629 1090 667 1163 in
690 1090 857 1165 Kimista
870 1144 880 1179 ‚
906 1092 1036 1168 deinde
1050 1096 1151 1171 ultra
1171 1094 1327 1169 fluvium
1390 1094 1464 1165 ἐπ’·

192 1196 365 1289 mingere
377 1248 388 1284 ,
413 1188 489 1293 post
501 1192 544 1267 in
572 1189 806 1277 Widolebaab,
833 1192 962 1269 deinde
977 1194 1016 1269 in
1029 1194 1246 1284 Branbach‘,
1273 1210 1362 1270 tunc
1377 1194 1466 1267 Mu·

193 1297 375 1383 rooboth,
401 1293 486 1369 inde
499 1293 540 1367 in
569 1291 625 1371 W
619 1291 923 1382 allandenbrunno,
948 1295 1078 1373 deinde
1092 1298 1141 1373 ad
1160 1318 1338 1393 magnam
1354 1315 1463 1392 quer·

195 1420 303 1485 cum,
328 1397 458 1472 deinde
473 1417 537 1493 per
552 1392 766 1469 descensum
790 1394 991 1484 Bromio,
1006 1420 1070 1495 per
1097 1397 1323 1475 Voltouobach
1338 1397 1461 1472 ascen·

146 1515 155 1529 ⁴
194 1499 302 1588 sum,
326 1499 451 1596 &per
481 1494 695 1571 destruttam
724 1495 981 1591 Vollonoburg,
1007 1498 1091 1573 inde
1114 1499 1153 1573 in
1171 1500 1327 1575 fluvium
1350 1496 1464 1573 Eure·

196 1598 292 1675 roho
306 1653 316 1687 ‚
342 1613 429 1675 tunc
447 1618 511 1697 per
527 1594 607 1691 ejus
624 1594 832 1673 descensum
845 1596 885 1671 in
898 1596 1037 1673 flumen
1060 1600 1201 1688 Naias,
1227 1600 1311 1675 inde
1324 1616 1387 1697 per
1399 1600 1462 1675 de-
1536 1624 1540 1631 ’

196 1702 361 1777 scensum
387 1698 510 1776 Nabar
522 1720 642 1795 usque
668 1698 855 1773 Nianheim
872 1694 890 1783 ',·
908 1698 991 1773 inde
1015 1699 1055 1771 in
1066 1701 1410 1795 paramonarium,
1424 1700 1465 1776 dt

195 1802 373 1903 perhanc
389 1799 565 1896 usquead
584 1799 827 1898 supradictum
841 1798 966 1871 locum
993 1798 1158 1871 Gerwine.
1210 1798 1383 1893 Quisquis
1402 1801 1467 1892 igi·

196 1920 262 1980 tur
277 1905 317 1979 in
330 1903 392 1977 his
405 1902 497 1975 locis
510 1903 570 1975 vel
584 1902 680 1997 infra
705 1900 776 1973 hos
791 1897 969 1974 terminos
983 1899 1172 1996 quippiam
1188 1898 1392 1979 venationis
1410 1898 1471 1973 seu

196 2003 412 2104 piicationis
426 2004 565 2099 absque
578 2003 730 2077 licentia
757 1997 1128 2076 Laureshammenfis
1141 2000 1283 2083 abbatis
1302 2020 1471 2073 exercere

194 2104 489 2285 praesumpserit,
514 2104 604 2181 sciat
629 2102 665 2179 ib
692 2102 758 2203 ipsi
773 2102 899 2177 abbati
933 2097 1219 2200 compotitumm
1242 2098 1472 2200 imperialem

222 2228 372 2283 annilina
1476 2228 1480 2237 '

706 2402 1013 2499 IXXXXIV.
1067 2504 1070 2513 ,

196 2535 464 2627 concambium
497 2538 686 2632 Heinrici
711 2541 754 2627 io
786 2534 1057 2629 Diteoaslreim
1081 2534 1135 2633 83
1165 2532 1469 2649 Tirtiogesheirn

641 2680 725 2785 pro
751 2646 1061 2741 Honoldesboclr.

224 2840 253 2889 n
277 2812 422 2887 nomine
450 2809 577 2889 santiae
599 2813 638 2887 dr
660 2814 861 2889 individuae
893 2814 1095 2891 Trinitatis.
1147 2814 1389 2891 Hrtmrucus
1413 2814 1469 2891 di·

256 2914 344 2989 vina
366 2910 512 2984 favente
544 2913 742 2985 clementia
764 2935 840 2985 rex.
893 2915 933 2989 Si
951 2918 1032 2991 loca
1053 2915 1189 2991 divinis
1214 2915 1391 3013 obsequiis
1404 2914 1467 2990 de·
1490 2950 1494 2958 ⁴

196 3026 335 3118 putata
351 3010 474 3087 debita
495 3010 688 3086 devotione
708 3010 900 3089 sublimare
914 3014 1180 3105 studuerimus,
1206 3018 1255 3093 ad
1275 3018 1469 3117 utriusque

197 3120 293 3195 vitae
308 3112 508 3214 profestum
524 3111 632 3199 nobis
658 3112 813 3218 prodess'e
832 3139 905 3189 non
931 3118 1166 3214 ambigimus.
1218 3116 1304 3194 ideo
1318 3120 1466 3195 univer·

198 3219 299 3305 sirati
313 3216 480 3291 fidelium
501 3212 736 3300 nostrorum,
764 3214 996 3312 praesentium
1012 3243 1056 3293 ac
1081 3220 1317 3309 futurorum,
1343 3235 1467 3318 patere

199 3321 404 3403 volumus,
431 3315 591 3411 qualiter
605 3337 671 3395 nos
693 3316 902 3391 interventu
924 3318 962 3394 δι
978 3319 1148 3416 petitione
1173 3321 1379 3408 Bobbonis,
1405 3344 1467 3395 ve·
1523 3371 1528 3379 ,
1678 3331 1682 3340 ’

200 3420 379 3497 notabilis
406 3415 553 3491 abbatis
580 3412 708 3491 santiae
732 3416 1091 3493 Laureshammensrs
1112 3421 1287 3509 ecclesiae,
1313 3423 1371 3504 'cui
1400 3420 1469 3516 ipse

201 3526 289 3599 ioco
313 3519 457 3595 abbatis
483 3515 664 3616 praefidet,
698 3515 880 3613 praedium
905 3521 1092 3611 quoddam
1110 3520 1221 3595 nostri
1236 3517 1328 3613 juris
1351 3520 1469 3595 stabili

199 3622 414 3700 traditione,
429 3642 492 3717 pro
512 3618 725 3693 concambio
747 3618 784 3693 in
812 3619 999 3715 proprium
1021 3618 1266 3694 conceibmus.
1293 3620 1472 3717 Quicquid

203 3724 314 3801 enim
329 3722 368 3794 in
382 3721 442 3795 his
454 3718 456 3725 ⁴
467 3721 557 3795 l‘ocis
570 3743 687 3817 usque
705 3720 817 3795 modo
832 3720 1065 3819 proprietatis
1078 3720 1328 3809 obtinuimus,
1354 3722 1391 3796 id
1405 3722 1471 3809 est,
1533 3784 1539 3793 .

202 3827 247 3903 in
263 3823 358 3897 villa
381 3823 621 3910 dirissimam,
647 3822 687 3897 in
707 3846 802 3921 pago
829 3820 1103 3918 Moinebgouus‚
1128 3821 1168 3896 in
1180 3825 1339 3895 comitatu
1363 3826 1471 3900 Gerr·
1582 3861 1586 3868 ¹

206 3948 311 4006 sam
338 3946 506 4029 commis
521 3923 965 4105 sita,&inreiiquqviiia
993 3924 1029 4004 T
1023 3924 1246 4021 irtingasluim
1260 3925 1373 4014 ditia,
1385 3934 1471 4044 ραι)

898 4050 920 4106 2
1024 4098 1029 4113 ,
1384 4050 1422 4107 rn
