4000 5417
509 452 585 545 362
987 444 1347 527 'snaorrrorrus

507 750 605 829 sente
619 748 657 827 ἂ
671 750 862 851 deinceps,
889 748 932 830 δέ
946 754 1079 850 reliqua
1092 777 1213 851 usquo:
1238 753 1376 834 Attum
1390 756 1430 833 in
1444 757 1526 834 loco
1539 761 1700 860 publico,
1714 764 1782 859 qui

509 853 718 952 appellatur
741 854 954 927 Lauronem
969 856 1041 934 XV
1054 857 1232 933 kalendas
1247 856 1350 953 Maji.
1403 860 1562 956 Signum
1578 864 1782 955 llllanaoldi‚

509 956 572 1053 qui
587 956 685 1029 hanc
700 957 935 1033 donationem
950 956 1027 1033 lieri
1043 956 1082 1032 ὅ(
1096 958 1237 1037 firmari
1251 961 1418 1057 rogavit,
1432 961 1577 1061 sgnum
1590 964 1780 1058 Gisrbaldi,

507 1058 718 1136 leutbaldi.
769 1060 853 1155 Ego
868 1061 1022 1135 Samuel
1036 1059 1166 1161 scripsi.

976 1258 1325 1358 CCLXXXVII.

507 1388 558 1485 In
584 1386 710 1476 codem
735 1412 866 1492 anno,
894 1416 970 1505 quo
983 1392 1156 1587 [αρναῄ
1173 1388 1335 1479 donatio
1361 1388 1556 1508 Gaatseri
1575 1392 1617 1482 in
1649 1396 1780 1487 eadem

1084 1530 1126 1589 vt
1154 1530 1193 1589 a.

505 1678 558 1805 In
573 1664 719 1743 nomine
745 1664 895 1743 Domini
910 1666 1018 1743 nostri
1031 1670 1116 1770 Jesu
1129 1671 1261 1749 Christi
1268 1696 1337 1769 ego
1350 1671 1519 1751 Gautseri
1534 1694 1604 1773 pru
1615 1662 1779 1779 remerlio

429 1814 434 1823 ,
557 1770 693 1846 animae
707 1788 801 1845 meae
815 1768 875 1845 seu
890 1768 928 1847 &
944 1791 1009 1869 pro
1025 1788 1167 1850 aeterna
1180 1774 1421 1851 retributione
1435 1778 1531 1851 dono
1546 1778 1597 1851 ad
1617 1775 1778 1852 faustum

505 1868 726 1957 Nazarium,
753 1870 818 1966 qui
833 1872 1029 1967 requiescit
1052 1876 1091 1951 in
1112 1899 1262 1975 corpore
1278 1879 1317 1952 in
1341 1901 1439 1977 pago
1453 1876 1618 1966 Rmenst‚
1644 1878 1777 1953 inmo·

504 1971 659 2049 nasterio
673 1972 922 2061 Lauresham,
949 1975 1055 2075 super
1069 1976 1226 2055 fluvium
1250 1978 1406 2072 Willcoz¹
1431 1980 1515 2069 sito,
1539 1980 1612 2056 hoc
1626 1978 1695 2067 est,
1719 1980 1777 2055 vi·

503 2094 614 2149 neam
629 2096 753 2148 meam
769 2072 808 2147 in
834 2072 1149 2173 Hanrscuhrsher‘m,
1180 2103 1264 2179 quae
1279 2094 1380 2157 tenet
1393 2081 1486 2157 duos
1502 2082 1706 2168 scamellos,
1722 2081 1776 2181 ip-

504 2176 583 2251 sam
597 2176 744 2261 vineam
758 2198 780 2248 a
794 2174 852 2251 die
868 2176 1047 2275 praesente
1062 2184 1167 2258 trado
1185 2198 1295 2280 atque
1303 2184 1519 2271 transfundo
1533 2183 1579 2258 de
1588 2182 1670 2278 jure
1685 2206 1775 2259 meo

443 2328 448 2341 ·
503 2275 614 2375 injus
630 2275 971 2355 &dominationem
987 2281 1098 2359 santii
1115 2284 1162 2361 N.
1180 2286 1439 2382 perpetualiter
1450 2285 1498 2357 ad
1509 2284 1772 2379 poffidendum.

502 2380 544 2456 Si
559 2380 642 2477 quis
659 2400 764 2468 vero,
792 2380 889 2478 quod
904 2384 1056 2461 omuino
1072 2386 1238 2461 futurum
1254 2383 1321 2459 esse
1335 2408 1410 2458 non
1423 2383 1548 2470 credo,
1575 2379 1619 2458 ὅ
1632 2386 1768 2477 reliqua

490 2488 630 2579 'usquaz
656 2492 810 2577 cogente
830 2480 913 2557 fisco
945 2486 1028 2561 auri
1050 2487 1179 2561 uncias
1198 2508 1243 2571 v,
1269 2483 1410 2578 argenti
1423 2483 1583 2581 pondera
1599 2478 1627 2577 jj
1643 2482 1766 2557 multa

501 2582 689 2673 sustineat,
716 2578 783 2661 fis:
810 2580 947 2660 Attum
961 2587 1000 2661 in
1015 2584 1229 2663 monasterio
1253 2584 1467 2659 buteriam
1480 2582 1624 2683 publice
1640 2584 1698 2657 die
1724 2581 1772 2669 ἃ,

500 2697 668 2785 ternpore
682 2710 754 2783 quo
772 2686 888 2786 supra.
941 2688 1098 2784 Signum
1112 2684 1307 2774 Gautseri‚
1332 2686 1397 2782 qui
1416 2686 1515 2761 hanc
1530 2684 1769 2764 donationem

498 2786 576 2865 fieri
589 2788 628 2866 δι
642 2786 953 2887 firmarirogavit.
1002 2788 1083 2887 Ego
1096 2786 1252 2867 Samuel
1269 2801 1422 2885 rogatus
1435 2786 1566 2890 scripsi.

990 2986 1412 3110 cemimus
1604 3063 1606 3067 .
1752 3098 1760 3105 ·

721 3118 840 3213 Arrno
855 3146 932 3236 quo
949 3120 1085 3236 supra
1103 3119 1265 3207 donatio
1292 3114 1538 3209 Alaiclrom's.

361 3288 367 3305 ’
494 3280 630 3429 Anno
646 3282 717 3369 XV
739 3286 879 3403 domini
894 3284 1003 3361 nostri
1028 3278 1762 3405 PippiniregisaegoAlaiclro&conjux

582 3412 665 3465 mea
679 3388 866 3465 Bertsurnt
886 3407 951 3486 pro
967 3410 1095 3463 amore
1121 3388 1192 3463 Der
1204 3386 1244 3465 δι
1263 3388 1385 3465 sanltn
1397 3389 1545 3465 Nazaru
1561 3386 1599 3463 δι
1612 3387 1761 3463 rennffi·

493 3514 563 3567 one
578 3506 810 3591 peccatorum
824 3490 1026 3565 nostrorum
1039 3488 1080 3566 δι
1104 3512 1171 3589 pro
1187 3504 1327 3567 aeterna
1340 3489 1574 3566 retributione
1590 3488 1762 3587 perhanc

359 3660 369 3669 .
493 3594 681 3672 kartulam
697 3593 903 3669 donationis
929 3590 1027 3667 dono
1041 3592 1088 3667 ad
1108 3592 1225 3691 ipsum
1251 3593 1320 3669 Dei
1333 3603 1535 3689 martyrem
1551 3592 1599 3667 N.
1627 3590 1689 3687 qui
1702 3614 1762 3665 re·

491 3696 646 3793 quiescit
659 3699 696 3773 in
710 3718 860 3795 corpore
877 3696 915 3771 in
930 3717 1026 3793 pago
1052 3694 1219 3783 Rinenst,
1235 3697 1274 3769 in
1288 3694 1514 3781 monasterio,
1532 3693 1631 3791 quod
1650 3716 1762 3769 voca·

489 3808 553 3874 tur
577 3798 805 3876 Lauresharn
812 3852 826 3893 ,
839 3796 942 3897 super
954 3795 1111 3895 fluvium
1135 3796 1289 3879 Wisscoz
1304 3797 1388 3899 sito,
1402 3798 1548 3875 vineam
1558 3793 1627 3891 jin
1642 3795 1760 3869 Huni-

480 3899 687 3996 sculesher'm
722 3912 906 3979 tenentem
931 3900 1014 3997 plus
1035 3898 1160 3973 minus
1180 3897 1317 3995 jurnal·
1330 3898 1371 3995 js,
1399 3901 1496 3977 adie
1510 3898 1687 3999 praesente
1711 3897 1760 3972 ad

486 4000 674 4103 integrum
698 4002 745 4079 de
762 4000 846 4099 jure
871 4022 955 4081 meo
978 4000 1018 4079 iu
1033 3996 1096 4100 jus
1118 4000 1157 4079 &
1182 4000 1391 4081 dominium
1414 4000 1563 4103 praefati
1580 3999 1758 4177 margyris

1575 4114 1657 4179 -tra
1682 4124 1706 4174 o
