<?xml version="1.0" encoding="UTF-8"?>
<!DOCTYPE html PUBLIC "-//W3C//DTD XHTML 1.0 Transitional//EN"
    "http://www.w3.org/TR/xhtml1/DTD/xhtml1-transitional.dtd">
<html xmlns="http://www.w3.org/1999/xhtml" xml:lang="en" lang="en">
 <head>
  <title>
</title>
<meta http-equiv="Content-Type" content="text/html;charset=utf-8" />
  <meta name='ocr-system' content='tesseract 3.04.00' />
  <meta name='ocr-capabilities' content='ocr_page ocr_carea ocr_par ocr_line ocrx_word'/>
</head>
<body>
  <div class='ocr_page' id='page_1' title='image "./codexprincipiso00egyegoog_0223.png"; bbox 0 0 4000 5417; ppageno 0'>
   <div class='ocr_carea' id='block_1_1' title="bbox 487 463 1499 572">
    <p class='ocr_par' dir='ltr' id='par_1_1' title="bbox 487 463 1499 572">
     <span class='ocr_line' id='line_1_1' title="bbox 487 463 1499 572; baseline 0.009 -26"><span class='ocrx_word' id='word_1_1' title='bbox 487 465 594 546; x_wconf 80' lang='lat' dir='ltr'><strong>Sec.</strong></span> <span class='ocrx_word' id='word_1_2' title='bbox 627 463 682 544; x_wconf 89' lang='lat' dir='ltr'><strong>XI</strong></span> <span class='ocrx_word' id='word_1_3' title='bbox 708 465 968 544; x_wconf 78' lang='lat' dir='ltr'><strong>Hntuarco</strong></span> <span class='ocrx_word' id='word_1_4' title='bbox 994 468 1048 549; x_wconf 91' lang='lat' dir='ltr'><strong>IV</strong></span> <span class='ocrx_word' id='word_1_5' title='bbox 1073 489 1225 565; x_wconf 74' lang='lat' dir='ltr'><strong>unce.</strong></span> <span class='ocrx_word' id='word_1_6' title='bbox 1429 488 1499 572; x_wconf 77' lang='lat'><strong>185</strong></span> 
     </span>
    </p>
   </div>
   <div class='ocr_carea' id='block_1_2' title="bbox 229 637 581 662">
    <p class='ocr_par' dir='ltr' id='par_1_2' title="bbox 229 637 581 662">
     <span class='ocr_line' id='line_1_2' title="bbox 229 637 581 662; baseline -0.009 -6"><span class='ocrx_word' id='word_1_7' title='bbox 229 637 581 662; x_wconf 57' lang='lat' dir='ltr'><em>W</em></span> 
     </span>
    </p>
   </div>
   <div class='ocr_carea' id='block_1_3' title="bbox 225 768 1498 893">
    <p class='ocr_par' dir='ltr' id='par_1_3' title="bbox 225 768 1498 893">
     <span class='ocr_line' id='line_1_3' title="bbox 225 768 1498 893; baseline 0.001 -30"><span class='ocrx_word' id='word_1_8' title='bbox 225 773 371 893; x_wconf 88' lang='lat' dir='ltr'><strong>spiritu</strong></span> <span class='ocrx_word' id='word_1_9' title='bbox 391 773 591 868; x_wconf 74' lang='lat' dir='ltr'><strong>merorisr</strong></span> <span class='ocrx_word' id='word_1_10' title='bbox 620 771 689 856; x_wconf 92' lang='lat' dir='ltr'><strong>cui</strong></span> <span class='ocrx_word' id='word_1_11' title='bbox 707 797 787 858; x_wconf 88' lang='lat' dir='ltr'><strong>rex</strong></span> <span class='ocrx_word' id='word_1_12' title='bbox 804 768 1071 888; x_wconf 85' lang='lat' dir='ltr'><strong>privilegium</strong></span> <span class='ocrx_word' id='word_1_13' title='bbox 1096 800 1266 888; x_wconf 92' lang='lat' dir='ltr'><strong>quoque</strong></span> <span class='ocrx_word' id='word_1_14' title='bbox 1293 771 1498 864; x_wconf 73' lang='lat' dir='ltr'>libertatis</span> 
     </span>
    </p>
   </div>
   <div class='ocr_carea' id='block_1_4' title="bbox 225 881 1498 1103">
    <p class='ocr_par' dir='ltr' id='par_1_4' title="bbox 225 881 1498 1103">
     <span class='ocr_line' id='line_1_4' title="bbox 226 881 1498 994; baseline -0.002 -14"><span class='ocrx_word' id='word_1_15' title='bbox 226 893 269 980; x_wconf 75' lang='lat' dir='ltr'><strong>u</strong></span> <span class='ocrx_word' id='word_1_16' title='bbox 289 887 568 974; x_wconf 84' lang='lat' dir='ltr'><strong>immunitatis</strong></span> <span class='ocrx_word' id='word_1_17' title='bbox 588 911 706 969; x_wconf 90' lang='lat' dir='ltr'><strong>more</strong></span> <span class='ocrx_word' id='word_1_18' title='bbox 733 885 1033 972; x_wconf 87' lang='lat' dir='ltr'><strong>antecessomm</strong></span> <span class='ocrx_word' id='word_1_19' title='bbox 1056 881 1228 975; x_wconf 89' lang='lat' dir='ltr'><strong>suorum</strong></span> <span class='ocrx_word' id='word_1_20' title='bbox 1252 887 1498 994; x_wconf 75' lang='lat' dir='ltr'><strong>tradidit&amp;</strong></span> 
     </span>
     <span class='ocr_line' id='line_1_5' title="bbox 225 993 1161 1103; baseline -0.001 -13"><span class='ocrx_word' id='word_1_21' title='bbox 225 1001 514 1103; x_wconf 83' lang='lat' dir='ltr'><strong>confirmavit,</strong></span> <span class='ocrx_word' id='word_1_22' title='bbox 545 995 650 1082; x_wconf 89' lang='lat' dir='ltr'><strong>hanc</strong></span> <span class='ocrx_word' id='word_1_23' title='bbox 669 993 826 1086; x_wconf 88' lang='lat' dir='ltr'><strong>habens</strong></span> <span class='ocrx_word' id='word_1_24' title='bbox 844 1003 1161 1089; x_wconf 85' lang='lat' dir='ltr'><strong>continentiam.</strong></span> 
     </span>
    </p>
   </div>
   <div class='ocr_carea' id='block_1_5' title="bbox 741 1229 945 1326">
    <p class='ocr_par' dir='ltr' id='par_1_5' title="bbox 741 1229 945 1326">
     <span class='ocr_line' id='line_1_6' title="bbox 741 1229 945 1326; baseline 0 -6"><span class='ocrx_word' id='word_1_25' title='bbox 741 1229 945 1326; x_wconf 85' lang='lat' dir='ltr'><strong>CXXVI.</strong></span> 
     </span>
    </p>
   </div>
   <div class='ocr_carea' id='block_1_6' title="bbox 252 1381 1683 1612">
    <p class='ocr_par' dir='ltr' id='par_1_6' title="bbox 252 1381 1683 1612">
     <span class='ocr_line' id='line_1_7' title="bbox 252 1381 1683 1506; baseline -0.025 -22"><span class='ocrx_word' id='word_1_26' title='bbox 252 1387 437 1483; x_wconf 81' lang='lat' dir='ltr'><strong>Heinrici</strong></span> <span class='ocrx_word' id='word_1_27' title='bbox 456 1391 487 1453; x_wconf 51' lang='grc' dir='ltr'>ὕ</span> <span class='ocrx_word' id='word_1_28' title='bbox 503 1381 645 1506; x_wconf 82' lang='lat' dir='ltr'><strong>quarti</strong></span> <span class='ocrx_word' id='word_1_29' title='bbox 673 1383 719 1472; x_wconf 84' lang='lat' dir='ltr'><strong>de</strong></span> <span class='ocrx_word' id='word_1_30' title='bbox 738 1381 981 1476; x_wconf 80' lang='lat' dir='ltr'><strong>immunitate</strong></span> <span class='ocrx_word' id='word_1_31' title='bbox 999 1387 1052 1486; x_wconf 59' lang='grc' dir='ltr'><strong>ἐφ’</strong></span> <span class='ocrx_word' id='word_1_32' title='bbox 1089 1388 1273 1478; x_wconf 67' lang='lat' dir='ltr'><strong>liemare</strong></span> <span class='ocrx_word' id='word_1_33' title='bbox 1296 1386 1471 1480; x_wconf 70' lang='lat' dir='ltr'><strong>Laura.</strong></span> <span class='ocrx_word' id='word_1_34' title='bbox 1530 1387 1683 1468; x_wconf 53' lang='lat' dir='ltr'><strong>tomp-</strong></span> 
     </span>
     <span class='ocr_line' id='line_1_8' title="bbox 651 1486 1658 1612; baseline -0.013 -28"><span class='ocrx_word' id='word_1_35' title='bbox 651 1495 868 1610; x_wconf 74' lang='lat' dir='ltr'><strong>summersa</strong></span> <span class='ocrx_word' id='word_1_36' title='bbox 897 1505 1074 1612; x_wconf 66' lang='lat' dir='ltr'><strong>occlusae.</strong></span> <span class='ocrx_word' id='word_1_37' title='bbox 1567 1486 1658 1556; x_wconf 79' lang='lat' dir='ltr'><strong>rren</strong></span> 
     </span>
    </p>
   </div>
   <div class='ocr_carea' id='block_1_7' title="bbox 189 1667 1664 4187">
    <p class='ocr_par' dir='ltr' id='par_1_7' title="bbox 189 1667 1664 4187">
     <span class='ocr_line' id='line_1_9' title="bbox 226 1667 1497 1814; baseline -0.001 -68"><span class='ocrx_word' id='word_1_38' title='bbox 226 1685 279 1814; x_wconf 78' lang='lat' dir='ltr'><strong>ln</strong></span> <span class='ocrx_word' id='word_1_39' title='bbox 294 1671 441 1748; x_wconf 89' lang='lat' dir='ltr'><strong>nomine</strong></span> <span class='ocrx_word' id='word_1_40' title='bbox 455 1668 583 1746; x_wconf 71' lang='lat' dir='ltr'><strong>sanstae</strong></span> <span class='ocrx_word' id='word_1_41' title='bbox 598 1668 636 1747; x_wconf 88' lang='lat'><strong>&amp;</strong></span> <span class='ocrx_word' id='word_1_42' title='bbox 651 1668 852 1748; x_wconf 74' lang='lat' dir='ltr'><strong>individuae</strong></span> <span class='ocrx_word' id='word_1_43' title='bbox 864 1669 1065 1748; x_wconf 82' lang='lat' dir='ltr'><strong>Trinitatis.</strong></span> <span class='ocrx_word' id='word_1_44' title='bbox 1116 1667 1356 1747; x_wconf 77' lang='lat' dir='ltr'><strong>Herunrcus</strong></span> <span class='ocrx_word' id='word_1_45' title='bbox 1370 1667 1497 1746; x_wconf 89' lang='lat' dir='ltr'><strong>divina</strong></span> 
     </span>
     <span class='ocr_line' id='line_1_10' title="bbox 278 1770 1496 1868; baseline -0.002 -19"><span class='ocrx_word' id='word_1_46' title='bbox 278 1773 426 1849; x_wconf 85' lang='lat' dir='ltr'><strong>savent&#39;e</strong></span> <span class='ocrx_word' id='word_1_47' title='bbox 440 1771 638 1847; x_wconf 79' lang='lat' dir='ltr'><strong>ciementia</strong></span> <span class='ocrx_word' id='word_1_48' title='bbox 650 1793 726 1846; x_wconf 90' lang='lat' dir='ltr'><strong>rex.</strong></span> <span class='ocrx_word' id='word_1_49' title='bbox 780 1772 820 1848; x_wconf 90' lang='lat' dir='ltr'><strong>Si</strong></span> <span class='ocrx_word' id='word_1_50' title='bbox 833 1794 923 1868; x_wconf 91' lang='lat' dir='ltr'><strong>erga</strong></span> <span class='ocrx_word' id='word_1_51' title='bbox 936 1775 1019 1846; x_wconf 85' lang='lat' dir='ltr'><strong>soca</strong></span> <span class='ocrx_word' id='word_1_52' title='bbox 1036 1770 1171 1845; x_wconf 88' lang='lat' dir='ltr'><strong>divinis</strong></span> <span class='ocrx_word' id='word_1_53' title='bbox 1183 1771 1342 1845; x_wconf 86' lang='lat' dir='ltr'><strong>cultibus</strong></span> <span class='ocrx_word' id='word_1_54' title='bbox 1357 1771 1496 1846; x_wconf 89' lang='lat' dir='ltr'><strong>manci·</strong></span> 
     </span>
     <span class='ocr_line' id='line_1_11' title="bbox 224 1861 1497 1976; baseline -0.003 -26"><span class='ocrx_word' id='word_1_55' title='bbox 224 1889 313 1976; x_wconf 90' lang='lat' dir='ltr'><strong>pata</strong></span> <span class='ocrx_word' id='word_1_56' title='bbox 327 1889 474 1974; x_wconf 91' lang='lat' dir='ltr'><strong>propter</strong></span> <span class='ocrx_word' id='word_1_57' title='bbox 489 1895 656 1948; x_wconf 88' lang='lat' dir='ltr'><strong>amorem</strong></span> <span class='ocrx_word' id='word_1_58' title='bbox 681 1872 778 1962; x_wconf 90' lang='lat' dir='ltr'><strong>Dei,</strong></span> <span class='ocrx_word' id='word_1_59' title='bbox 802 1873 929 1970; x_wconf 89' lang='lat' dir='ltr'><strong>eisque</strong></span> <span class='ocrx_word' id='word_1_60' title='bbox 954 1873 994 1946; x_wconf 88' lang='lat' dir='ltr'><strong>in</strong></span> <span class='ocrx_word' id='word_1_61' title='bbox 1015 1871 1157 1946; x_wconf 90' lang='lat' dir='ltr'><strong>eisdem</strong></span> <span class='ocrx_word' id='word_1_62' title='bbox 1182 1871 1272 1945; x_wconf 89' lang='lat' dir='ltr'><strong>locis</strong></span> <span class='ocrx_word' id='word_1_63' title='bbox 1286 1861 1350 1946; x_wconf 82' lang='lat' dir='ltr'><strong>fibi</strong></span> <span class='ocrx_word' id='word_1_64' title='bbox 1374 1871 1497 1946; x_wconf 92' lang='lat' dir='ltr'><strong>samu·</strong></span> 
     </span>
     <span class='ocr_line' id='line_1_12' title="bbox 223 1971 1497 2073; baseline -0.003 -21"><span class='ocrx_word' id='word_1_65' title='bbox 223 1977 388 2052; x_wconf 86' lang='lat' dir='ltr'><strong>lantibus</strong></span> <span class='ocrx_word' id='word_1_66' title='bbox 411 1974 586 2050; x_wconf 84' lang='lat' dir='ltr'><strong>beneficia</strong></span> <span class='ocrx_word' id='word_1_67' title='bbox 619 1989 799 2073; x_wconf 89' lang='lat' dir='ltr'><strong>oportuna</strong></span> <span class='ocrx_word' id='word_1_68' title='bbox 821 1974 1026 2070; x_wconf 88' lang='lat' dir='ltr'><strong>largimur,</strong></span> <span class='ocrx_word' id='word_1_69' title='bbox 1051 1972 1248 2073; x_wconf 85' lang='lat' dir='ltr'><strong>praemium</strong></span> <span class='ocrx_word' id='word_1_70' title='bbox 1271 1971 1377 2048; x_wconf 89' lang='lat' dir='ltr'><strong>nobis</strong></span> <span class='ocrx_word' id='word_1_71' title='bbox 1398 1973 1497 2070; x_wconf 91' lang='lat' dir='ltr'><strong>apud</strong></span> 
     </span>
     <span class='ocr_line' id='line_1_13' title="bbox 225 2072 1497 2174; baseline -0.004 -22"><span class='ocrx_word' id='word_1_72' title='bbox 225 2077 348 2152; x_wconf 90' lang='lat' dir='ltr'><strong>Deum</strong></span> <span class='ocrx_word' id='word_1_73' title='bbox 363 2079 513 2154; x_wconf 76' lang='lat' dir='ltr'><strong>aesernae</strong></span> <span class='ocrx_word' id='word_1_74' title='bbox 536 2075 842 2152; x_wconf 84' lang='lat' dir='ltr'><strong>remunerationis</strong></span> <span class='ocrx_word' id='word_1_75' title='bbox 875 2075 1029 2174; x_wconf 90' lang='lat' dir='ltr'><strong>rependi</strong></span> <span class='ocrx_word' id='word_1_76' title='bbox 1053 2097 1128 2150; x_wconf 90' lang='lat' dir='ltr'><strong>non</strong></span> <span class='ocrx_word' id='word_1_77' title='bbox 1149 2072 1362 2148; x_wconf 84' lang='lat' dir='ltr'><strong>diffidimus.</strong></span> <span class='ocrx_word' id='word_1_78' title='bbox 1389 2073 1497 2150; x_wconf 88' lang='lat' dir='ltr'><strong>Unde</strong></span> 
     </span>
     <span class='ocr_line' id='line_1_14' title="bbox 224 2175 1496 2272; baseline -0.003 -20"><span class='ocrx_word' id='word_1_79' title='bbox 224 2179 369 2252; x_wconf 90' lang='lat' dir='ltr'><strong>noverit</strong></span> <span class='ocrx_word' id='word_1_80' title='bbox 382 2177 560 2272; x_wconf 84' lang='lat' dir='ltr'><strong>sagacitas</strong></span> <span class='ocrx_word' id='word_1_81' title='bbox 577 2177 639 2253; x_wconf 90' lang='lat' dir='ltr'><strong>seu</strong></span> <span class='ocrx_word' id='word_1_82' title='bbox 654 2177 796 2252; x_wconf 87' lang='lat' dir='ltr'><strong>utilitas</strong></span> <span class='ocrx_word' id='word_1_83' title='bbox 821 2179 990 2252; x_wconf 90' lang='lat' dir='ltr'><strong>omnium</strong></span> <span class='ocrx_word' id='word_1_84' title='bbox 1008 2176 1171 2268; x_wconf 84' lang='lat' dir='ltr'><strong>fidelium</strong></span> <span class='ocrx_word' id='word_1_85' title='bbox 1187 2175 1399 2262; x_wconf 85' lang='lat' dir='ltr'><strong>nostrorum,</strong></span> <span class='ocrx_word' id='word_1_86' title='bbox 1415 2188 1496 2248; x_wconf 89' lang='lat' dir='ltr'><strong>tarn</strong></span> 
     </span>
     <span class='ocr_line' id='line_1_15' title="bbox 220 2275 1495 2376; baseline -0.003 -22"><span class='ocrx_word' id='word_1_87' title='bbox 220 2277 451 2363; x_wconf 87' lang='lat' dir='ltr'><strong>futurorum,</strong></span> <span class='ocrx_word' id='word_1_88' title='bbox 478 2301 589 2376; x_wconf 88' lang='lat' dir='ltr'><strong>quarn</strong></span> <span class='ocrx_word' id='word_1_89' title='bbox 603 2276 643 2353; x_wconf 79' lang='lat' dir='ltr'><strong>dt</strong></span> <span class='ocrx_word' id='word_1_90' title='bbox 657 2276 903 2376; x_wconf 87' lang='lat' dir='ltr'><strong>praesentium,</strong></span> <span class='ocrx_word' id='word_1_91' title='bbox 930 2278 1017 2375; x_wconf 88' lang='lat' dir='ltr'><strong>quia</strong></span> <span class='ocrx_word' id='word_1_92' title='bbox 1031 2279 1088 2354; x_wconf 83' lang='lat' dir='ltr'><strong>vir</strong></span> <span class='ocrx_word' id='word_1_93' title='bbox 1101 2277 1323 2353; x_wconf 90' lang='lat' dir='ltr'><strong>venerabilis</strong></span> <span class='ocrx_word' id='word_1_94' title='bbox 1347 2275 1495 2352; x_wconf 90' lang='lat' dir='ltr'><strong>Udalri·</strong></span> 
     </span>
     <span class='ocr_line' id='line_1_16' title="bbox 224 2377 1495 2477; baseline -0.002 -23"><span class='ocrx_word' id='word_1_95' title='bbox 224 2401 291 2454; x_wconf 91' lang='lat' dir='ltr'><strong>cus</strong></span> <span class='ocrx_word' id='word_1_96' title='bbox 307 2380 422 2454; x_wconf 91' lang='lat' dir='ltr'><strong>abbas</strong></span> <span class='ocrx_word' id='word_1_97' title='bbox 438 2402 484 2454; x_wconf 88' lang='lat' dir='ltr'><strong>ex</strong></span> <span class='ocrx_word' id='word_1_98' title='bbox 502 2379 718 2454; x_wconf 89' lang='lat' dir='ltr'><strong>monasterio</strong></span> <span class='ocrx_word' id='word_1_99' title='bbox 743 2379 1056 2467; x_wconf 88' lang='lat' dir='ltr'><strong>Laureshammo,</strong></span> <span class='ocrx_word' id='word_1_100' title='bbox 1073 2379 1172 2477; x_wconf 92' lang='lat' dir='ltr'><strong>quod</strong></span> <span class='ocrx_word' id='word_1_101' title='bbox 1186 2377 1238 2452; x_wconf 88' lang='lat' dir='ltr'><strong>est</strong></span> <span class='ocrx_word' id='word_1_102' title='bbox 1251 2377 1495 2452; x_wconf 74' lang='lat' dir='ltr'><strong>construstum</strong></span> 
     </span>
     <span class='ocr_line' id='line_1_17' title="bbox 189 2477 1553 2580; baseline -0.001 -24"><span class='ocrx_word' id='word_1_103' title='bbox 189 2506 191 2512; x_wconf 71' lang='grc'>’</span> <span class='ocrx_word' id='word_1_104' title='bbox 224 2480 423 2556; x_wconf 89' lang='lat' dir='ltr'><strong>inhonore</strong></span> <span class='ocrx_word' id='word_1_105' title='bbox 449 2481 643 2556; x_wconf 85' lang='lat' dir='ltr'><strong>beatomm</strong></span> <span class='ocrx_word' id='word_1_106' title='bbox 667 2481 912 2580; x_wconf 89' lang='lat' dir='ltr'><strong>apostolorum</strong></span> <span class='ocrx_word' id='word_1_107' title='bbox 937 2479 1099 2558; x_wconf 87' lang='lat' dir='ltr'><strong>Petri&amp;</strong></span> <span class='ocrx_word' id='word_1_108' title='bbox 1124 2479 1258 2566; x_wconf 91' lang='lat' dir='ltr'><strong>Pauli,</strong></span> <span class='ocrx_word' id='word_1_109' title='bbox 1282 2479 1347 2556; x_wconf 91' lang='lat' dir='ltr'><strong>ubi</strong></span> <span class='ocrx_word' id='word_1_110' title='bbox 1362 2477 1401 2556; x_wconf 72' lang='lat' dir='ltr'><strong>dr</strong></span> <span class='ocrx_word' id='word_1_111' title='bbox 1415 2477 1496 2554; x_wconf 88' lang='lat' dir='ltr'><strong>san·</strong></span> <span class='ocrx_word' id='word_1_112' title='bbox 1534 2485 1553 2506; x_wconf 72' lang='grc'><strong>“’</strong></span> 
     </span>
     <span class='ocr_line' id='line_1_18' title="bbox 225 2579 1495 2684; baseline -0.002 -26"><span class='ocrx_word' id='word_1_113' title='bbox 225 2581 302 2658; x_wconf 79' lang='lat' dir='ltr'><strong>stus</strong></span> <span class='ocrx_word' id='word_1_114' title='bbox 317 2583 495 2659; x_wconf 87' lang='lat' dir='ltr'><strong>Nazarius</strong></span> <span class='ocrx_word' id='word_1_115' title='bbox 521 2597 665 2679; x_wconf 86' lang='lat' dir='ltr'><strong>martyr</strong></span> <span class='ocrx_word' id='word_1_116' title='bbox 686 2583 724 2658; x_wconf 90' lang='lat' dir='ltr'><strong>in</strong></span> <span class='ocrx_word' id='word_1_117' title='bbox 738 2593 898 2684; x_wconf 87' lang='lat' dir='ltr'><strong>&#39;corpore</strong></span> <span class='ocrx_word' id='word_1_118' title='bbox 921 2580 1129 2680; x_wconf 89' lang='lat' dir='ltr'><strong>requiescit,</strong></span> <span class='ocrx_word' id='word_1_119' title='bbox 1155 2579 1320 2678; x_wconf 88' lang='lat' dir='ltr'><strong>quodest</strong></span> <span class='ocrx_word' id='word_1_120' title='bbox 1333 2579 1442 2656; x_wconf 80' lang='lat' dir='ltr'><strong>situm</strong></span> <span class='ocrx_word' id='word_1_121' title='bbox 1456 2579 1495 2656; x_wconf 94' lang='lat' dir='ltr'><strong>in</strong></span> 
     </span>
     <span class='ocr_line' id='line_1_19' title="bbox 219 2681 1493 2784; baseline -0.002 -26"><span class='ocrx_word' id='word_1_122' title='bbox 219 2709 314 2784; x_wconf 82' lang='lat' dir='ltr'><strong>pago</strong></span> <span class='ocrx_word' id='word_1_123' title='bbox 337 2681 507 2783; x_wconf 66' lang='lat' dir='ltr'><strong>sitivisse,</strong></span> <span class='ocrx_word' id='word_1_124' title='bbox 532 2686 636 2784; x_wconf 89' lang='lat' dir='ltr'><strong>super</strong></span> <span class='ocrx_word' id='word_1_125' title='bbox 658 2685 814 2762; x_wconf 85' lang='lat' dir='ltr'><strong>fluvium</strong></span> <span class='ocrx_word' id='word_1_126' title='bbox 846 2683 1018 2780; x_wconf 78' lang='lat' dir='ltr'><strong>Wisgoz,</strong></span> <span class='ocrx_word' id='word_1_127' title='bbox 1043 2682 1178 2760; x_wconf 89' lang='lat' dir='ltr'><strong>obtulit</strong></span> <span class='ocrx_word' id='word_1_128' title='bbox 1203 2682 1393 2759; x_wconf 88' lang='lat' dir='ltr'><strong>obtutibus</strong></span> <span class='ocrx_word' id='word_1_129' title='bbox 1427 2706 1493 2756; x_wconf 91' lang='lat' dir='ltr'><strong>no·</strong></span> 
     </span>
     <span class='ocr_line' id='line_1_20' title="bbox 224 2781 1493 2886; baseline -0.002 -23"><span class='ocrx_word' id='word_1_130' title='bbox 224 2787 303 2863; x_wconf 84' lang='lat' dir='ltr'><strong>stris</strong></span> <span class='ocrx_word' id='word_1_131' title='bbox 326 2785 581 2863; x_wconf 80' lang='lat' dir='ltr'><strong>austoritatem</strong></span> <span class='ocrx_word' id='word_1_132' title='bbox 614 2786 845 2864; x_wconf 86' lang='lat' dir='ltr'><strong>inmunitatis</strong></span> <span class='ocrx_word' id='word_1_133' title='bbox 871 2786 1012 2862; x_wconf 90' lang='lat' dir='ltr'><strong>domini</strong></span> <span class='ocrx_word' id='word_1_134' title='bbox 1032 2783 1072 2861; x_wconf 78' lang='lat' dir='ltr'><strong>dc</strong></span> <span class='ocrx_word' id='word_1_135' title='bbox 1109 2785 1351 2886; x_wconf 84' lang='lat' dir='ltr'><strong>progenitoris</strong></span> <span class='ocrx_word' id='word_1_136' title='bbox 1383 2781 1493 2860; x_wconf 89' lang='lat' dir='ltr'><strong>nostri</strong></span> 
     </span>
     <span class='ocr_line' id='line_1_21' title="bbox 225 2886 1494 2985; baseline -0.001 -22"><span class='ocrx_word' id='word_1_137' title='bbox 225 2887 439 2970; x_wconf 81' lang='lat' dir='ltr'><strong>Cuuanor,</strong></span> <span class='ocrx_word' id='word_1_138' title='bbox 464 2886 693 2982; x_wconf 90' lang='lat' dir='ltr'><strong>imperatoris</strong></span> <span class='ocrx_word' id='word_1_139' title='bbox 708 2887 875 2982; x_wconf 75' lang='lat' dir='ltr'><strong>augusti,</strong></span> <span class='ocrx_word' id='word_1_140' title='bbox 899 2889 937 2964; x_wconf 91' lang='lat' dir='ltr'><strong>in</strong></span> <span class='ocrx_word' id='word_1_141' title='bbox 951 2911 1028 2985; x_wconf 92' lang='lat' dir='ltr'><strong>qua</strong></span> <span class='ocrx_word' id='word_1_142' title='bbox 1041 2889 1295 2964; x_wconf 85' lang='lat' dir='ltr'><strong>continebatur</strong></span> <span class='ocrx_word' id='word_1_143' title='bbox 1308 2886 1494 2976; x_wconf 85' lang='lat' dir='ltr'><strong>insertum,</strong></span> 
     </span>
     <span class='ocr_line' id='line_1_22' title="bbox 226 2984 1493 3086; baseline 0 -25"><span class='ocrx_word' id='word_1_144' title='bbox 226 2985 384 3085; x_wconf 89' lang='lat' dir='ltr'><strong>qualiter</strong></span> <span class='ocrx_word' id='word_1_145' title='bbox 406 2984 504 3057; x_wconf 91' lang='lat' dir='ltr'><strong>idern</strong></span> <span class='ocrx_word' id='word_1_146' title='bbox 529 2985 737 3080; x_wconf 79' lang='lat' dir='ltr'><strong>progenitor</strong></span> <span class='ocrx_word' id='word_1_147' title='bbox 759 2985 877 3060; x_wconf 87' lang='lat' dir='ltr'><strong>noster</strong></span> <span class='ocrx_word' id='word_1_148' title='bbox 892 2987 1010 3086; x_wconf 90' lang='lat' dir='ltr'><strong>ipsum</strong></span> <span class='ocrx_word' id='word_1_149' title='bbox 1030 2988 1290 3065; x_wconf 88' lang='lat' dir='ltr'><strong>monasterium</strong></span> <span class='ocrx_word' id='word_1_150' title='bbox 1321 2988 1368 3063; x_wconf 95' lang='lat' dir='ltr'><strong>ob</strong></span> <span class='ocrx_word' id='word_1_151' title='bbox 1390 3011 1493 3064; x_wconf 90' lang='lat' dir='ltr'><strong>amo·</strong></span> 
     </span>
     <span class='ocr_line' id='line_1_23' title="bbox 226 3083 1492 3182; baseline -0.001 -16"><span class='ocrx_word' id='word_1_152' title='bbox 226 3111 306 3166; x_wconf 90' lang='lat' dir='ltr'><strong>rem</strong></span> <span class='ocrx_word' id='word_1_153' title='bbox 332 3085 428 3173; x_wconf 91' lang='lat' dir='ltr'><strong>Dei,</strong></span> <span class='ocrx_word' id='word_1_154' title='bbox 453 3083 819 3182; x_wconf 82' lang='lat' dir='ltr'><strong>tranquilitatemque</strong></span> <span class='ocrx_word' id='word_1_155' title='bbox 851 3087 1010 3164; x_wconf 90' lang='lat' dir='ltr'><strong>fratrum</strong></span> <span class='ocrx_word' id='word_1_156' title='bbox 1036 3091 1176 3167; x_wconf 89' lang='lat' dir='ltr'><strong>ibidem</strong></span> <span class='ocrx_word' id='word_1_157' title='bbox 1207 3087 1492 3178; x_wconf 84' lang='lat' dir='ltr'><strong>consistentium,</strong></span> 
     </span>
     <span class='ocr_line' id='line_1_24' title="bbox 227 3183 1493 3288; baseline 0.001 -22"><span class='ocrx_word' id='word_1_158' title='bbox 227 3191 368 3288; x_wconf 83' lang='lat' dir='ltr'><strong>semper</strong></span> <span class='ocrx_word' id='word_1_159' title='bbox 390 3186 453 3264; x_wconf 91' lang='lat' dir='ltr'><strong>sub</strong></span> <span class='ocrx_word' id='word_1_160' title='bbox 478 3183 686 3286; x_wconf 85' lang='lat' dir='ltr'><strong>plenissima</strong></span> <span class='ocrx_word' id='word_1_161' title='bbox 710 3187 865 3264; x_wconf 88' lang='lat' dir='ltr'><strong>tuitione</strong></span> <span class='ocrx_word' id='word_1_162' title='bbox 886 3189 1192 3270; x_wconf 87' lang='lat' dir='ltr'><strong>&amp;immunitatis</strong></span> <span class='ocrx_word' id='word_1_163' title='bbox 1216 3191 1419 3268; x_wconf 85' lang='lat' dir='ltr'><strong>defensione</strong></span> <span class='ocrx_word' id='word_1_164' title='bbox 1444 3191 1493 3267; x_wconf 88' lang='lat' dir='ltr'><strong>ab</strong></span> 
     </span>
     <span class='ocr_line' id='line_1_25' title="bbox 227 3283 1494 3394; baseline -0.005 -24"><span class='ocrx_word' id='word_1_165' title='bbox 227 3292 328 3370; x_wconf 90' lang='lat' dir='ltr'><strong>omni</strong></span> <span class='ocrx_word' id='word_1_166' title='bbox 344 3283 806 3389; x_wconf 84' lang='lat' dir='ltr'><strong>inquietudinejudiciariae</strong></span> <span class='ocrx_word' id='word_1_167' title='bbox 820 3291 1007 3390; x_wconf 79' lang='lat' dir='ltr'><strong>potestatis</strong></span> <span class='ocrx_word' id='word_1_168' title='bbox 1027 3293 1213 3371; x_wconf 82' lang='lat' dir='ltr'><strong>consistere</strong></span> <span class='ocrx_word' id='word_1_169' title='bbox 1226 3292 1385 3383; x_wconf 86' lang='lat' dir='ltr'><strong>fecisset,</strong></span> <span class='ocrx_word' id='word_1_170' title='bbox 1409 3315 1494 3394; x_wconf 90' lang='lat' dir='ltr'><strong>pro-</strong></span> 
     </span>
     <span class='ocr_line' id='line_1_26' title="bbox 227 3387 1494 3494; baseline -0.002 -24"><span class='ocrx_word' id='word_1_171' title='bbox 227 3407 307 3494; x_wconf 89' lang='lat' dir='ltr'><strong>pter</strong></span> <span class='ocrx_word' id='word_1_172' title='bbox 318 3391 534 3469; x_wconf 86' lang='lat' dir='ltr'><strong>firmitatem</strong></span> <span class='ocrx_word' id='word_1_173' title='bbox 550 3405 677 3465; x_wconf 88' lang='lat' dir='ltr'><strong>tamen</strong></span> <span class='ocrx_word' id='word_1_174' title='bbox 691 3387 884 3487; x_wconf 88' lang='lat' dir='ltr'><strong>postulavit</strong></span> <span class='ocrx_word' id='word_1_175' title='bbox 899 3417 921 3470; x_wconf 88' lang='lat' dir='ltr'><strong>a</strong></span> <span class='ocrx_word' id='word_1_176' title='bbox 942 3395 1050 3473; x_wconf 91' lang='lat' dir='ltr'><strong>nobis</strong></span> <span class='ocrx_word' id='word_1_177' title='bbox 1071 3397 1265 3494; x_wconf 70' lang='lat' dir='ltr'><strong>praedisius</strong></span> <span class='ocrx_word' id='word_1_178' title='bbox 1280 3397 1397 3472; x_wconf 90' lang='lat' dir='ltr'><strong>abbas</strong></span> <span class='ocrx_word' id='word_1_179' title='bbox 1414 3445 1425 3481; x_wconf 91' lang='lat'><em>,</em></span> <span class='ocrx_word' id='word_1_180' title='bbox 1449 3403 1494 3468; x_wconf 84' lang='lat' dir='ltr'><strong>ut</strong></span> 
     </span>
     <span class='ocr_line' id='line_1_27' title="bbox 227 3490 1495 3596; baseline -0.001 -24"><span class='ocrx_word' id='word_1_181' title='bbox 227 3511 424 3596; x_wconf 90' lang='lat' dir='ltr'><strong>paternum</strong></span> <span class='ocrx_word' id='word_1_182' title='bbox 446 3513 587 3569; x_wconf 88' lang='lat' dir='ltr'><strong>morem</strong></span> <span class='ocrx_word' id='word_1_183' title='bbox 604 3490 796 3588; x_wconf 90' lang='lat' dir='ltr'><strong>sequentes</strong></span> <span class='ocrx_word' id='word_1_184' title='bbox 811 3491 1072 3590; x_wconf 49' lang='lat' dir='ltr'><strong>‚hujuscemodi</strong></span> <span class='ocrx_word' id='word_1_185' title='bbox 1094 3497 1235 3574; x_wconf 84' lang='lat' dir='ltr'><strong>nostrae</strong></span> <span class='ocrx_word' id='word_1_186' title='bbox 1248 3493 1495 3572; x_wconf 78' lang='lat' dir='ltr'><strong>immunitatis</strong></span> 
     </span>
     <span class='ocr_line' id='line_1_28' title="bbox 228 3592 1496 3696; baseline -0.006 -20"><span class='ocrx_word' id='word_1_187' title='bbox 228 3611 479 3696; x_wconf 86' lang='lat' dir='ltr'><strong>praeceptum,</strong></span> <span class='ocrx_word' id='word_1_188' title='bbox 504 3595 551 3670; x_wconf 91' lang='lat' dir='ltr'><strong>ob</strong></span> <span class='ocrx_word' id='word_1_189' title='bbox 566 3592 811 3672; x_wconf 89' lang='lat' dir='ltr'><strong>reverentiam</strong></span> <span class='ocrx_word' id='word_1_190' title='bbox 828 3593 934 3670; x_wconf 78' lang='lat' dir='ltr'><strong>sansti</strong></span> <span class='ocrx_word' id='word_1_191' title='bbox 960 3597 1110 3672; x_wconf 89' lang='lat' dir='ltr'><strong>Nazarii</strong></span> <span class='ocrx_word' id='word_1_192' title='bbox 1127 3651 1138 3685; x_wconf 95' lang='lat'>,</span> <span class='ocrx_word' id='word_1_193' title='bbox 1163 3599 1260 3672; x_wconf 91' lang='lat' dir='ltr'><strong>circa</strong></span> <span class='ocrx_word' id='word_1_194' title='bbox 1279 3592 1398 3695; x_wconf 87' lang='lat' dir='ltr'><strong>ipsum</strong></span> <span class='ocrx_word' id='word_1_195' title='bbox 1414 3617 1496 3668; x_wconf 67' lang='lat' dir='ltr'><strong>mo«</strong></span> 
     </span>
     <span class='ocr_line' id='line_1_29' title="bbox 226 3692 1494 3798; baseline -0.005 -22"><span class='ocrx_word' id='word_1_196' title='bbox 226 3699 423 3776; x_wconf 87' lang='lat' dir='ltr'><strong>nasterium</strong></span> <span class='ocrx_word' id='word_1_197' title='bbox 447 3696 524 3772; x_wconf 89' lang='lat' dir='ltr'><strong>sieri</strong></span> <span class='ocrx_word' id='word_1_198' title='bbox 538 3695 779 3772; x_wconf 84' lang='lat' dir='ltr'><strong>censeremus.</strong></span> <span class='ocrx_word' id='word_1_199' title='bbox 813 3692 929 3792; x_wconf 87' lang='lat' dir='ltr'><strong>Cujus</strong></span> <span class='ocrx_word' id='word_1_200' title='bbox 951 3699 1119 3796; x_wconf 90' lang='lat' dir='ltr'><strong>petitioni</strong></span> <span class='ocrx_word' id='word_1_201' title='bbox 1143 3697 1298 3773; x_wconf 86' lang='lat' dir='ltr'><strong>libenter</strong></span> <span class='ocrx_word' id='word_1_202' title='bbox 1317 3693 1494 3798; x_wconf 80' lang='lat' dir='ltr'><strong>assensum</strong></span> 
     </span>
     <span class='ocr_line' id='line_1_30' title="bbox 226 3796 1494 3900; baseline 0 -24"><span class='ocrx_word' id='word_1_203' title='bbox 226 3799 480 3900; x_wconf 85' lang='lat' dir='ltr'><strong>praebuimus,</strong></span> <span class='ocrx_word' id='word_1_204' title='bbox 505 3798 544 3876; x_wconf 75' lang='grc' dir='ltr'><strong>δι</strong></span> <span class='ocrx_word' id='word_1_205' title='bbox 556 3799 626 3874; x_wconf 92' lang='lat' dir='ltr'><strong>hoc</strong></span> <span class='ocrx_word' id='word_1_206' title='bbox 641 3797 772 3878; x_wconf 77' lang='lat' dir='ltr'><strong>nostrae</strong></span> <span class='ocrx_word' id='word_1_207' title='bbox 787 3798 1014 3875; x_wconf 77' lang='lat' dir='ltr'><strong>ausioritatis</strong></span> <span class='ocrx_word' id='word_1_208' title='bbox 1027 3813 1253 3899; x_wconf 86' lang='lat' dir='ltr'><strong>praeceptum</strong></span> <span class='ocrx_word' id='word_1_209' title='bbox 1266 3799 1364 3874; x_wconf 90' lang='lat' dir='ltr'><strong>circa</strong></span> <span class='ocrx_word' id='word_1_210' title='bbox 1376 3796 1494 3898; x_wconf 84' lang='lat' dir='ltr'><strong>ipsum</strong></span> 
     </span>
     <span class='ocr_line' id='line_1_31' title="bbox 229 3899 1495 3993; baseline 0.001 -16"><span class='ocrx_word' id='word_1_211' title='bbox 229 3899 490 3978; x_wconf 88' lang='lat' dir='ltr'><strong>monasterium</strong></span> <span class='ocrx_word' id='word_1_212' title='bbox 505 3900 545 3979; x_wconf 72' lang='grc' dir='ltr'><strong>δι</strong></span> <span class='ocrx_word' id='word_1_213' title='bbox 558 3902 760 3978; x_wconf 89' lang='lat' dir='ltr'><strong>monachos</strong></span> <span class='ocrx_word' id='word_1_214' title='bbox 772 3901 909 3978; x_wconf 89' lang='lat' dir='ltr'><strong>ibidem</strong></span> <span class='ocrx_word' id='word_1_215' title='bbox 936 3903 1016 3979; x_wconf 91' lang='lat' dir='ltr'><strong>Deo</strong></span> <span class='ocrx_word' id='word_1_216' title='bbox 1031 3902 1257 3993; x_wconf 80' lang='lat' dir='ltr'><strong>famulantes</strong></span> <span class='ocrx_word' id='word_1_217' title='bbox 1282 3902 1495 3978; x_wconf 90' lang='lat' dir='ltr'><strong>immunita·</strong></span> 
     </span>
     <span class='ocr_line' id='line_1_32' title="bbox 231 4002 1664 4187; baseline -0.002 -104"><span class='ocrx_word' id='word_1_218' title='bbox 231 4002 280 4090; x_wconf 80' lang='lat' dir='ltr'><strong>tis</strong></span> <span class='ocrx_word' id='word_1_219' title='bbox 294 4015 406 4106; x_wconf 86' lang='lat' dir='ltr'><strong>atque</strong></span> <span class='ocrx_word' id='word_1_220' title='bbox 432 4003 610 4108; x_wconf 81' lang='lat' dir='ltr'><strong>tuitionis,</strong></span> <span class='ocrx_word' id='word_1_221' title='bbox 624 4003 811 4098; x_wconf 82' lang='lat' dir='ltr'><strong>firmitatis</strong></span> <span class='ocrx_word' id='word_1_222' title='bbox 826 4002 973 4186; x_wconf 64' lang='lat' dir='ltr'><strong>gpptia,</strong></span> <span class='ocrx_word' id='word_1_223' title='bbox 998 4029 1065 4107; x_wconf 86' lang='lat' dir='ltr'><strong>pro</strong></span> <span class='ocrx_word' id='word_1_224' title='bbox 1081 4003 1198 4118; x_wconf 78' lang='lat' dir='ltr'><strong>divini</strong></span> <span class='ocrx_word' id='word_1_225' title='bbox 1219 4005 1343 4084; x_wconf 89' lang='lat' dir='ltr'><strong>cultus</strong></span> <span class='ocrx_word' id='word_1_226' title='bbox 1366 4026 1497 4187; x_wconf 59' lang='lat' dir='ltr'><strong>anppre</strong></span> <span class='ocrx_word' id='word_1_227' title='bbox 1647 4031 1664 4067; x_wconf 86' lang='grc'><strong>·-</strong></span> 
     </span>
     <span class='ocr_line' id='line_1_33' title="bbox 905 4131 928 4184; baseline 0 0"><span class='ocrx_word' id='word_1_228' title='bbox 905 4131 928 4184; x_wconf 90' lang='lat' dir='ltr'><strong>a</strong></span> 
     </span>
    </p>
   </div>
   <div class='ocr_carea' id='block_1_8' title="bbox 0 0 2004 5417">
    <p class='ocr_par' dir='ltr' id='par_1_8' title="bbox 0 0 2004 5417">
     <span class='ocr_line' id='line_1_34' title="bbox 0 0 2004 5417; baseline 0 0"><span class='ocrx_word' id='word_1_229' title='bbox 0 0 2004 5417; x_wconf 95' lang='lat' dir='ltr'><strong> </strong></span> 
     </span>
    </p>
   </div>
  </div>
 </body>
</html>
