4000 5417
506 477 581 552 204
859 437 1067 530 ‘canon
1096 471 1158 527 nr
1184 451 1398 529 Cannam

503 615 856 640 *aa*

501 752 675 856 altatio,
704 753 800 839 Deo
820 751 986 858 laudea,
1013 755 1110 842 Deo
1127 759 1282 870 gratias
1299 756 1629 862 concinentium,
1658 787 1707 845 ac
1717 760 1770 846 de

501 868 666 984 patroni
681 861 750 976 sui
775 865 980 984 corporali
1037 897 1177 982 uoque
1195 863 1443 985 praesentia,
1472 867 1525 952 de
1551 898 1634 984 qua
1652 870 1769 958 olim

501 1009 607 1098 pene
624 979 917 1091 ambigebant,
946 895 1113 1068 octsiata
1129 981 1209 1067 fide
1238 979 1519 1097 gloriantium.
1572 983 1771 1072 Protinus
1822 1073 1827 1083 ,

442 1111 444 1116 ’
502 1092 644 1178 audita
671 1120 776 1180 voce
793 1114 922 1180 tantae
948 1096 1250 1206 jocunditatis,
1279 1092 1594 1207 evangelizante
1631 1097 1772 1185 divina

501 1209 636 1320 gratia
662 1205 860 1320 gaudium
885 1235 1086 1404 maplnum
1110 1211 1226 1291 omni
1241 1203 1398 1322 populo
1417 1268 1427 1310 ‚
1445 1207 1769 1296 ‘innumerabilis

369 1389 374 1394 .
501 1340 720 1431 utriusque
735 1313 861 1404 sexus
882 1349 960 1404 con
990 1323 1087 1406 uxit
1104 1317 1350 1422 multitud0‚
1379 1315 1653 1420 sacrosanssas
1682 1319 1778 1407 reli-n

502 1434 623 1544 quias
641 1433 851 1534 venerari,
878 1429 1055 1518 salutare
1077 1433 1123 1519 dr
1138 1428 1319 1548 spedare
1337 1433 1529 1546 gestiens,
1550 1433 1771 1520 &honori

503 1545 617 1630 beati
634 1546 832 1654 martyris
852 1567 981 1648 vota,
1011 1574 1157 1659 preces
1174 1545 1397 1652 &hostias
1421 1572 1626 1660 perquam
1649 1549 1770 1632 uber-

502 1658 630 1742 rimas
647 1653 846 1758 offerens,
876 1685 1058 1770 quorum
1073 1658 1282 1761 defideriis
1305 1661 1433 1745 abbas
1448 1653 1681 1743 satisfacere
1701 1689 1769 1744 cu·

378 1780 387 1792 ‘
500 1772 650 1883 piens,
680 1763 810 1882 ipsam
825 1797 986 1873 arcam,
1015 1773 1057 1854 in
1075 1798 1159 1883 qua
1183 1766 1346 1856 sacrum
1361 1800 1435 1856 cor
1463 1800 1514 1856 us
1540 1771 1770 1886 depositum

502 1903 612 1982 erat,
641 1907 716 1995 per
726 1877 885 1988 bajulos
902 1879 1138 2000 sacerdotes
1153 1888 1196 1968 in
1214 1886 1365 2001 turbas!
1379 1916 1406 1968 o
1439 1886 1541 1985 erri,
1571 1882 1771 1998 &palam

502 1993 697 2078 omnibus
714 1989 900 2124 ‚conspici
918 1994 1055 2093 dedit;
1084 2024 1265 2112 cumque
1280 2023 1358 2084 nec
1374 1996 1428 2082 fic
1454 1993 1772 2100 exsatiarentua

501 2105 545 2192 δι
566 2102 698 2218 geruli
714 2100 840 2222 sandh
859 2111 1070 2224 corporis,
1097 2106 1292 2225 disruptis
1308 2139 1367 2196 ex
1393 2111 1522 2194 nimia
1539 2109 1770 2224 compressa·
1805 2141 1813 2170 ⁸
1886 2209 1891 2214 ,

501 2247 581 2304 one
597 2214 722 2302 sacris
737 2219 917 2306 vestibus
936 2281 946 2323 ‚
976 2218 1113 2309 calore
1129 2221 1246 2308 simul
1261 2223 1306 2308 &
1333 2219 1475 2306 labore
1491 2219 1771 2333 periclitaren·
1806 2279 1811 2284 -

498 2352 593 2432 tur,
619 2327 866 2417 venerabilis
881 2333 1029 2436 Ebb0‚
1047 2333 1365 2426 Wormacienfis
1381 2327 1609 2526 episcopus,
1626 2332 1669 2414 in
1687 2330 1769 2414 hoc

502 2440 635 2556 ipsum
652 2463 875 2546 evocatus,
905 2449 947 2532 in
974 2448 1140 2543 editiori
1167 2445 1261 2530 loco
1276 2467 1372 2530 ante
1402 2439 1512 2526 eccle
1528 2469 1613 2525 ram-
1640 2438 1767 2530 sandi
1809 2513 1815 2520 .

498 2557 673 2644 Martini
698 2556 939 2660 consistens,
969 2577 1180 2672 caputque
1206 2559 1317 2642 beati
1344 2556 1544 2666 martyris
1573 2581 1768 2642 reveren·

414 2699 416 2703 ·
500 2689 566 2756 ter
584 2670 778 2756 omnibus
798 2669 1033 2766 ostendens3
1059 2697 1176 2771 ecce,
1193 2670 1273 2769 ait,
1302 2693 1485 2781 corpm,
1515 2693 1611 2750 ecce
1641 2686 1767 2780 caput

417 2861 419 2868 ,
501 2781 659 2866 domini
676 2781 821 2886 vestri,
846 2787 983 2898 patris·
1005 2782 1148 2885 vestri,
1174 2782 1338 2896 patroni
1356 2779 1511 2878 vestri,
1540 2778 1637 2865 Deo
1653 2779 1768 2892 digni

503 2923 552 2978 ac
570 2891 708 2982 directi
734 2899 933 3007 martyris
962 2893 1168 2997 Nazarii‚
1196 2895 1249 2979 de
1267 2894 1385 3002 cujus
1404 2886 1623 3005 praeientia
1639 2894 1767 2977 ambi·
1814 2933 1821 2944 ’

502 3009 691 3120 gebatis‚
721 3009 773 3092 de
801 3010 920 3094 cu'us
937 3010 1167 3122 patrocinio
1195 3003 1486 3121 desperabatis.
1536 3003 1681 3105 Ecce,
1709 3006 1768 3087 in·

480 3131 482 3134 ’
502 3145 652 3232 quam,
681 3148 778 3206 ecce
802 3037 904 3236 ipse,
934 3125 1009 3235 qui
1024 3150 1104 3208 vos
1119 3140 1291 3253 propter
1308 3139 1478 3233 peccata
1502 3116 1637 3208 vestra
1659 3116 1766 3200 ciba·

499 3236 563 3318 vit
588 3259 693 3348 pane
722 3231 1035 3346 lacrymarum,
1064 3260 1138 3346 qur
1161 3234 1284 3318 vobis
1321 3251 1494 3346 propter
1518 3230 1668 3313 merita
1693 3221 1766 3312 sua
1803 3283 1815 3306 .

425 3370 427 3378 ·
500 3343 615 3430 dedit
636 3345 759 3432 hodie
786 3375 938 3434 vocem
964 3342 1238 3431 extdtationis
1267 3343 1312 3446 ἃ
1339 3341 1480 3432 saiutis
1506 3343 1549 3424 in
1576 3342 1763 3428 taberna·

500 3454 603 3543 cuiis
615 3459 829 3569 justorum.
887 3459 1000 3545 Hinc
1012 3487 1092 3544 vos
1106 3457 1326 3542 dominum
1341 3455 1582 3554 formidate,
1600 3472 1765 3568 patrem

500 3593 668 3675 amate,
699 3595 925 3772 patronum
957 3573 1112 3685 jugiter
1140 3567 1386 3686 implorate,
1415 3565 1587 3653 scientes
1617 3561 1763 3680 procul
1897 3631 1905 3643 .
1961 3584 1967 3598 ·

500 3685 628 3772 dubio
646 3715 702 3773 vo
731 3688 767 3770 is
793 3715 817 3768 a
846 3685 942 3771 Deo
978 3682 1177 3771 collatum
1204 3683 1356 3772 devote
1382 3681 1453 3767 fibi
1489 3674 1765 3766 servientibus
1882 3707 1887 3714 ·

496 3801 616 3912 pium
648 3797 958 3914 protestatem,
1003 3795 1075 3884 sua
1107 3797 1394 3913 diripientibus
1431 3790 1623 3878 severum
1659 3787 1773 3874 ulto«

498 3939 603 4014 rem,
633 3909 956 4026 refipiscentibus
972 3936 1094 4026 prom
1123 3934 1215 3998 tum
1232 3905 1548 3995 intercessorem.
1606 3901 1763 3991 His'di·

497 4021 574 4108 stis
599 4027 790 4112 omniurn
815 4051 939 4138 aequa
963 4045 1057 4138 grat
1101 4028 1215 4128 atio,
1260 4049 1386 4140 aequa
1406 4015 1626 4133 jubilatio,
1650 4037 1762 4208 lunus

1626 4151 1704 4209 ca·
