4000 5417
515 457 723 519 ruratio
747 439 1136 515 Lononurrnrrsr.
1378 469 1452 542 533

180 747 285 842 regni
302 747 441 836 domini
456 743 565 820 nostri
583 744 710 819 Karoli
725 742 823 839 regis
844 739 998 836 gloriosi.
1024 737 1183 836 Signum
1197 743 1373 835 Hairolfi,
1388 747 1451 845 qui

180 845 276 928 hanc
291 848 527 924 donationem
542 845 639 922 fecit
692 833 903 922 Grimarius
917 839 1062 941 scripsit.
1094 883 1098 889 .

445 1172 626 1294 Donatio
659 1170 729 1264 W
721 1043 1064 1284 offn30303adem
1081 1172 1189 1261 viiia.
1207 1200 1211 1208 ’

67 1331 71 1341 “
178 1342 314 1480 Anna
337 1341 406 1416 XX
429 1340 531 1436 regni
557 1338 699 1414 domini
721 1337 827 1412 nostri
853 1337 979 1413 Karoli
999 1340 1097 1435 regis
1119 1337 1288 1435 glorioli,
1314 1338 1451 1419 subrfie

266 1444 353 1521 Vlll
386 1444 469 1518 idus
491 1442 613 1518 ottob.
641 1463 712 1538 ego
740 1438 904 1518 Woliniu
936 1440 1032 1515 dono
1054 1441 1102 1516 ad
1129 1440 1290 1518 santium
1317 1444 1451 1520 Christi
1504 1454 1617 1529 &Oea

178 1557 380 1640 martyrem
405 1545 606 1620 Nazarium
622 1541 691 1618 &n
719 1542 757 1615 in
783 1541 1088 1615 Harimundisieim
1103 1542 1142 1618 iu
1167 1544 1307 1616 Mutine
1324 1570 1446 1621 marcu

174 1667 189 1740 J
191 1669 203 1740 J
204 1669 217 1740 J
217 1667 231 1741 J
245 1645 379 1741 jurnal.
396 1647 441 1720 de
456 1660 551 1721 terra
567 1643 696 1720 arabili
712 1643 749 1716 in
776 1640 844 1715 Dei
858 1643 1008 1717 nomine
1033 1645 1290 1741 perpetualiter
1304 1649 1353 1721 ad
1366 1673 1450 1746 pos-

178 1745 367 1822 fidendum
404 1745 633 1845 stipulatione
656 1743 820 1819 subnixa.
873 1741 1029 1839 Signum
1056 1742 1239 1831 Wolfniu‚
1266 1748 1329 1842 qui
1351 1749 1450 1824 hanc

177 1847 412 1940 donationem
430 1849 540 1938 iecit,
566 1846 709 1943 signum
734 1847 763 1922 F
764 1843 948 1935 ridunini,
975 1843 1197 1933 Grimberti,
1222 1845 1449 1946 Wolfgangi.

180 1947 366 2025 Rudolius
393 1948 540 2049 scripsit.
609 1996 611 2000 -
751 1981 753 1986 ·

457 2205 638 2299 Donatio
663 2075 883 2315 Αίύιέῂξῖξι
898 2203 1028 2296 eadem
1056 2204 1164 2296 ailla.
1206 2279 1212 2288 ,
1309 2293 1315 2304 ,

174 2385 273 2512 Ego
291 2375 329 2450 in
354 2375 424 2452 Dei
448 2375 598 2451 nomine
622 2371 760 2450 Alboli
777 2373 875 2449 dono
901 2374 949 2449 ad
972 2374 1134 2449 santium
1159 2373 1291 2451 Christi
1307 2391 1449 2478 marty-

252 2499 330 2552 rem
348 2477 551 2553 Nazarium
558 2475 628 2553 &c.
644 2477 683 2550 in
708 2473 1044 2570 Herimundirheimj
1059 2475 1244 2564 mansum,
1267 2478 1306 2552 ὃ(
1315 2478 1357 2574 jjj
1368 2480 1448 2575 jur.

172 2579 246 2654 nal.
261 2578 298 2655 δι
313 2579 487 2677 petiolam
509 2577 615 2676 prati.
629 2577 847 2653 transfundo
863 2577 903 2650 in
930 2576 998 2650 Dei
1013 2577 1164 2674 nornine
1183 2582 1448 2676 perpetualiter

173 2681 221 2754 ad
245 2681 490 2776 polfidendum
522 2679 751 2777 stipulatione
776 2677 944 2753 subnixa.
997 2674 1136 2754 Attum
1156 2679 1195 2753 in
1228 2681 1448 2760 monasterie

172 2779 383 2851 taurosum
398 2781 469 2855 Vll
492 2779 584 2854 idus·
601 2781 751 2878 Januar.
777 2803 874 2854 anno
901 2760 1026 2854 xxlrl
1047 2781 1151 2878 regni
1173 2779 1312 2857 domini
1337 2785 1448 2866 nostri
1477 2824 1511 2891 9.
1540 2799 1618 2884 Μ

173 2877 301 2951 Karoli
315 2876 427 2968 regis.
474 2877 630 2970 Signum
641 2877 806 2964 Albolfi,
824 2879 888 2973 qui
906 2878 1004 2952 hanc
1021 2882 1260 2956 donationem
1268 2885 1367 2976 fecit,
1377 2888 1447 2987 fig.

173 2999 264 3052 num
280 2974 506 3063 Odoluuani,
533 2975 708 3072 HejoniS,
734 2978 975 3058 Winimanni.
1001 2979 1186 3056 Rudolfus
1202 2981 1349 3084 scripsit.

692 3151 694 3158 '
752 3175 927 3270 noun.
988 3189 996 3202 “

416 3300 596 3397 Duratio
623 3303 859 3420 Hersuindis
887 3304 929 3391 in
946 3305 1077 3395 eadem
1094 3308 1203 3398 villa.

172 3485 224 3610 ln
241 3451 309 3548 ne'i
328 3445 477 3547 nomine
484 3492 589 3646 ‚bego
616 3461 804 3546 Heriluint
823 3494 888 3570 pro
902 3471 1065 3547 remedio
1087 3475 1223 3551 'animae
1239 3500 1334 3556 meae
1349 3481 1447 3562 dono

226 3575 273 3646 ad
287 3574 448 3649 ianttum
474 3572 504 3647 C
553 3571 606 3646 rsti
620 3585 824 3668 martyrem
840 3573 1044 3648 Nazarium
1059 3574 1131 3651 &a
1156 3576 1195 3649 in
1211 3571 1450 3659 Heriinundis·

174 3673 259 3748 irim
280 3696 398 3750 unum
419 3673 613 3762 manium,
640 3697 728 3752 cum
750 3673 850 3748 omni
872 3673 1028 3750 aedificio
1051 3674 1293 3775 superposito,
1319 3681 1359 3760 δι
1380 3683 1448 3782 vjjj

169 3770 306 3869 jurnal.
324 3774 362 3851 δι
378 3778 493 3873 pratis
507 3777 651 3852 duobus
665 3777 702 3851 in
720 3775 810 3852 locis
825 3776 864 3850 in
880 3775 949 3850 Dei
965 3776 1115 3851 nomine
1130 3783 1447 3878 perpetualiterad

172 3874 422 3974 pollrdendum
435 3877 663 3975 stipulatione
680 3875 843 3952 subnixa.
896 3876 1035 3953 Attum
1050 3878 1090 3951 in
1105 3881 1321 3958 monasterio
1347 3874 1448 3961 Lau·
1599 3915 1603 3923 ·

177 3977 325 4058 ruam.
339 3977 499 4078 Signum
514 3979 772 4067 Herisuintclae,
790 4001 874 4076 quae
889 3977 986 4056 hanc
1002 3979 1240 4091 donationem·
1253 3984 1361 4074 fecit,
1376 3989 1448 4088 fig.

749 4082 915 4182 >lxxa
1299 4110 1393 4172 num
