4000 5417
514 478 568 573 '30
604 474 608 481 ’
889 460 1072 543 Cruor.
1097 480 1159 539 rr
1184 458 1402 539 Caum
1462 514 1467 521 ·
1515 512 1520 517 -

515 636 691 662 a*

471 838 476 843 -
607 770 792 859 uomodo
802 765 1000 856 autern&
1015 788 1165 875 exque
1174 760 1430 851 revelatione
1447 764 1670 880 praedittus
1687 766 1791 854 Ein.

663 884 788 971 ardus
814 880 1107 968 monasterium
1131 874 1390 987 Selingr'nstat
1418 878 1713 979 construxerit,
1741 879 1790 968 tr

519 1004 727 1117 praedium
752 992 872 1083 suum
903 986 1134 1085 Muliebrim
1153 989 1291 1074 eidem
1318 986 1542 1077 contulerit
1566 1020 1626 1077 ex
1651 989 1788 1097 libro,

521 1140 650 1231 quem
668 1106 751 1309 {pie
770 1109 821 1194 de
839 1100 1107 1193 translatione
1125 1100 1170 1187 bt
1188 1100 1400 1189 miraculis
1425 1100 1660 1189 sanctorum
1676 1105 1789 1206 Marf

520 1222 655 1311 cellini
734 1220 850 1308 Petri
875 1240 1112 1329 martyrum
1129 1213 1280 1316 edidit,
1309 1214 1428 1330 plene
1448 1218 1602 1333 poterit
1619 1212 1788 1304 dinosci.

514 1332 895 1450 ‚Verumpiiffimus
917 1334 1144 1444 imperator
1166 1326 1423 1417 Ludowicus
1451 1324 1660 1413 ecclesiam
1686 1356 1791 1442 quo·

520 1452 677 1565 quein
712 1440 965 1559 Siggenhrr‘m
993 1470 1066 1558 per
1094 1441 1206 1525 idern
1243 1462 1411 1556 tempus
1446 1440 1789 1531 Laureshamenli

518 1562 767 1651 monasterio
783 1556 860 1643 hac
876 1554 1152 1647 autihoritate
1167 1553 1441 1641 confirmavit.

326 1942 478 2012 tomtfit
680 1840 879 1999 Ludovici
902 1911 923 1959 *
949 1899 1023 1997 Pii
1048 1764 1267 2012 exiiſse
1296 1900 1339 1990 in
1368 1901 1636 2018 Siggruheim.

317 2032 487 2193 gerilini
518 2117 570 2247 In
586 2107 734 2185 nomine
760 2107 910 2185 Domini
924 2106 993 2181 Dei
1008 2104 1047 2182 δι
1069 2106 1260 2183 salvatoris
1282 2104 1392 2181 nostri
1411 2106 1493 2206 Jesu
1518 2105 1659 2184 Christi.
1709 2106 1790 2181 Lu·

572 2232 751 2288 oowrcus
767 2211 893 2287 divina
908 2208 1101 2285 ordinante
1116 2208 1350 2309 providentia
1374 2208 1573 2307 imperator
1585 2206 1787 2302 Augustus.

459 2309 463 2315 ’
520 2310 562 2389 Si
576 2312 807 2387 liberalitatis
821 2309 950 2386 nostrae
975 2332 1127 2387 munere
1141 2311 1187 2385 de
1204 2309 1399 2397 beneficiis,
1412 2334 1436 2385 a
1451 2309 1530 2383 Deo
1545 2308 1649 2383 nobis
1667 2310 1785 2383 colla-

519 2412 581 2501 tis,
596 2414 687 2488 locis
710 2412 789 2487 Deo
805 2412 938 2487 dicatis
952 2411 1092 2509 aliquid
1107 2412 1348 2501 conferimus,
1363 2412 1399 2485 id
1413 2409 1518 2486 nobis
1530 2409 1569 2486 br
1582 2410 1631 2484 ad
1644 2422 1786 2484 morta·

420 2554 423 2559 ·
519 2515 595 2591 lem
612 2515 729 2588 vitam
749 2514 902 2589 feliciter
915 2513 1185 2610 tranfigendam
1206 2512 1245 2591 br
1266 2515 1313 2591 ad
1327 2526 1503 2590 aeternam
1524 2512 1786 2613 perpetualiter

519 2614 757 2690 obtinendam
786 2613 1019 2714 profuturnm
1039 2616 1180 2713 liquido
1201 2617 1399 2691 credimus.
1426 2614 1564 2691 Idcirco
1590 2626 1722 2701 notum
1742 2612 1788 2689 fit
1823 2672 1832 2680 .

496 2720 498 2723 ’
518 2716 687 2791 omnium
702 2715 866 2792 fidelium
880 2715 1102 2815 nostrorum,
1115 2732 1194 2795 tarn
1209 2718 1443 2819 praesentium
1457 2741 1569 2815 quam
1583 2716 1622 2793 &
1642 2715 1785 2792 futtuo·
1857 2733 1861 2738 ·

520 2838 617 2905 rum,
626 2817 792 2907 solertiae,
801 2818 888 2917 quia
903 2818 1252 2917 postulavitanbbis
1264 2822 1323 2897 vir
1337 2818 1786 2915 venerabilisAdalungus

520 2919 617 2997 abba
630 2944 675 2995 ex
693 2918 909 2995 monasterio
924 2920 1148 3011 Maeuiam,
1165 2922 1266 3019 quod
1279 2920 1330 2996 est
1343 2922 1584 2999 construttum
1597 2922 1785 2997 inhonore

467 3098 475 3114 ,
521 3019 630 3097 santii
643 3022 802 3110 Nazarii‚
812 3045 924 3120 quam
938 3024 1124 3099 retroactis
1140 3024 1366 3123 temporibus
1381 3026 1585 3103 Wramos
1599 3023 1785 3119 quondam

520 3144 656 3201 comes
672 3125 720 3200 ad
732 3138 875 3224 partem
896 3124 969 3199 fisci
991 3123 1101 3201 nostri
1114 3126 1327 3222 acquisivit,
1352 3124 1390 3202 bt
1403 3124 1513 3199 modo
1543 3125 1785 3203 Wmsoowo

520 3246 654 3301 conss
674 3248 738 3325 per
764 3225 981 3304 beneficium
1009 3228 1214 3325 largitionis
1232 3225 1362 3307 nostrae
1388 3226 1522 3302 habere
1546 3224 1719 3312 videtur,
1743 3224 1786 3299 in

518 3324 640 3403 nostra
662 3328 855 3405 elemofina
880 3329 1000 3405 eidem
1021 3328 1238 3405 monasterio
1253 3330 1553 3415 concederemus,
1578 3323 1683 3422 cujus
1698 3347 1785 3425 pre-

519 3428 647 3517 cibus,
672 3452 739 3527 pro
752 3430 930 3505 mercedis
951 3428 1082 3507 nostrae
1099 3447 1299 3527 augmento
1312 3433 1351 3509 ἃ
1365 3428 1569 3508 reverentia
1580 3426 1783 3529 ipsiussan·

519 3529 565 3605 tii
581 3530 670 3617 loci,
686 3531 792 3606 nobis
818 3530 1044 3629 acquiescere
1068 3532 1199 3621 libuit,
1231 3534 1270 3610 δι
1290 3534 1484 3634 praefatam
1504 3545 1646 3633 partem
1666 3527 1783 3605 manli

515 3631 626 3709 nostri
651 3652 737 3706 curn
757 3630 907 3709 ecclesia
932 3633 1052 3709 nostra
1065 3634 1292 3711 autio'ritate
1312 3635 1476 3723 conferre
1501 3634 1663 3733 placuit,
1697 3653 1784 3729 quae

515 3730 618 3808 estin
632 3756 744 3832 pago,
771 3735 833 3831 qui
848 3728 1002 3835 vocatur
1026 3736 1278 3834 lobotmgoroa
1294 3736 1439 3812 invilla
1451 3749 1687 3835 nuncupante
1701 3734 1783 3829 Sig-

512 3834 676 3929 genlreim,
702 3835 806 3935 super
829 3836 982 3911 fluvium
1009 3837 1177 3914 Notior.
1229 3840 1456 3938 Quapropter
1471 3839 1647 3913 volumus
1672 3849 1782 3931 atque

512 3932 710 4029 jubemus,
735 3952 779 4015 ut
799 3960 865 4036 per
884 3936 981 4013 hanc
1006 3938 1168 4014 nostram
1189 3940 1442 4017 auttoritatem
1462 3938 1593 4015 nostris
1614 3937 1785 4016 videlicet

516 4032 555 4112 bt
572 4024 706 4117 futuis
720 4038 946 4140 temporibus
960 4040 1172 4139 praedictam
1191 4041 1381 4121 ecclefiam
1395 4041 1590 4144 praedictus
1614 4038 1789 4117 Adalun·

468 4172 471 4179 Δ
1544 4198 1547 4202 ¹
1660 4161 1733 4238 gns
