4000 5417
569 474 642 550 512
1021 453 1381 573 Tanorrronns
1430 495 1436 504 ·

568 761 619 838 tis
639 761 678 839 δι
704 760 881 850 incultis,
907 761 1042 860 aquis,
1066 783 1296 860 aquarumve
1328 761 1566 848 decursibus,
1592 760 1630 838 oc
1664 763 1858 862 quidquid·

522 917 523 922 Ν
568 863 663 940 mihi
679 864 726 939 de
741 863 848 940 alode
862 877 1057 963 parentum
1072 887 1237 940 meorum
1251 864 1397 962 legibus
1413 863 1595 941 obveniffe
1610 865 1773 955 videtin,
1789 882 1853 942 to-

567 977 649 1041 tum
663 964 702 1043 dt
725 967 773 1042 ad
788 967 1013 1062 integruma
1039 968 1099 1042 dle
1115 966 1289 1067 praesente
1315 968 1362 1042 de
1375 964 1458 1063 jure
1480 991 1566 1042 meo
1580 968 1618 1041 in
1635 965 1700 1063 jus
1715 966 1755 1044 dt
1779 970 1851 1044 do·

567 1068 809 1144 minationem
822 1066 929 1145 santii
944 1069 1113 1157 Nazarii,
1140 1071 1197 1145 vel
1214 1069 1263 1146 ad
1288 1085 1441 1166 agentes
1466 1069 1578 1169 ipsius
1592 1071 1707 1157 dono,
1733 1073 1848 1147 trado

565 1181 676 1268 atque
693 1169 910 1248 transfundo
925 1171 963 1245 in
988 1171 1059 1247 Dei
1075 1172 1224 1247 nomine
1244 1171 1505 1272 perpetualiter
1520 1171 1569 1246 ad
1593 1169 1848 1270 poffidendum

416 1343 422 1358 ,
563 1269 794 1371 stipulatione
811 1271 976 1348 subnixa.
1029 1271 1165 1350 Attum
1183 1274 1218 1350 in
1232 1273 1450 1349 monasterio
1470 1273 1683 1348 lauresham
1697 1275 1846 1374 publice

376 1369 520 1460 *Sept
563 1373 649 1451 idus
664 1377 764 1476 Sept.
793 1398 891 1450 anno
905 1375 976 1454 XV
991 1375 1095 1473 regui
1110 1377 1251 1452 domini
1267 1375 1376 1452 nostri
1402 1375 1549 1475 Pippini
1571 1375 1668 1472 regis
1683 1378 1843 1472 gloriofi.

563 1477 723 1573 Signum
757 1477 1004 1566 Berthrudis,
1030 1500 1114 1575 quae
1137 1478 1234 1555 hanc
1261 1478 1499 1554 donationem
1519 1477 1611 1553 fecit
1638 1475 1677 1552 dt
1700 1478 1843 1554 firmari

560 1579 725 1674 rogavit,
740 1579 881 1676 fignum
897 1579 1098 1676 sigewini,
1126 1581 1323 1670 Dietberti,
1339 1579 1714 1671 Geroldi‚Dietn1ari,
1739 1581 1841 1657 Rut-

561 1679 696 1770 fulchi,
723 1682 901 1770 (imonis,
929 1682 1116 1760 Gozberti.
1168 1683 1324 1760 Samuel
1338 1679 1486 1783 scripsit.

1171 1884 1328 1976 DLHI.
1469 1871 1472 1875 ’

823 2035 1007 2131 Donnlio
1033 2034 1218 2127 Dudonis
1245 2035 1287 2123 in
1314 2032 1445 2122 andem
1471 2036 1588 2128 nilla..

564 2201 728 2350 Eodem
745 2231 841 2284 anno
855 2229 926 2304 ego
951 2205 1061 2282 Dudo
1076 2226 1141 2304 pro
1168 2202 1236 2279 Dei
1251 2203 1389 2280 intuitu
1414 2203 1475 2280 vel
1491 2225 1557 2302 pro
1582 2205 1720 2284 animae
1740 2197 1843 2285 meae

562 2311 568 2334 ‘
643 2310 806 2385 remedio
819 2330 885 2408 per
909 2307 1006 2384 hanc
1031 2307 1219 2384 kartulam
1241 2304 1450 2382 donationis
1464 2305 1564 2380 dono
1579 2307 1627 2382 ad
1651 2307 1836 2386 sacranffi-

563 2433 670 2492 mum
697 2411 764 2487 Dei
783 2424 986 2506 martyrem
1003 2410 1208 2486 Nazarium
1224 2406 1295 2485 &a
1319 2404 1362 2504 jjj
1374 2403 1509 2503 jurnal.
1529 2423 1635 2484 terme
1657 2411 1843 2488 arattuiae'

513 2597 522 2616 ‚
562 2517 602 2592 in
617 2512 861 2602 Monaenlaim
886 2511 982 2586 adie
1005 2511 1169 2610 praesenti
1184 2511 1223 2586 in
1247 2511 1316 2586 Dei
1334 2509 1480 2585 nomine
1502 2508 1762 2606 perpetualiter
1774 2512 1832 2587 ad

261 2705 264 2712 ,
561 2613 809 2718 possidendum
827 2610 1057 2710 stipulatione
1073 2613 1238 2688 subnixa.
1290 2610 1426 2688 Anum
1440 2608 1577 2710 publice
1593 2609 1629 2683 in
1643 2610 1743 2698 loco,
1756 2612 1836 2708 qui

363 2735 413 2802 ιε.
429 2723 516 2810 Aug.
561 2731 716 2794 vocatur
740 2713 964 2802 Loureslmm,
979 2715 1051 2794 XV
1064 2715 1243 2791 kalendas
1267 2711 1368 2813 S'ept.
1395 2713 1548 2810 Signum
1560 2710 1741 2800 Dudonis,
1764 2714 1839 2809 qui

559 2818 658 2895 hanc
675 2816 911 2892 donationem
933 2814 1203 2913 fecit‚s1gnum
1219 2816 1387 2892 Ratberti
1404 2869 1415 2904 ,
1442 2814 1638 2903 Heuberti,
1663 2815 1838 2906 Geraldi,⁴

558 2920 748 3004 Gautsoini
759 2919 980 3019 praesbiteri,
995 2917 1462 3018 Baldulnimlaginnudls.
1471 2916 1674 3020 wiglatius
1687 2915 1830 3018 scrlpfit

762 3357 765 3363 ,
891 3255 941 3350 V
933 3255 1081 3346 arditio
1109 3256 1278 3375 ajusdm
1305 3252 1504 3349 Danais.

553 3435 657 3568 Item
672 3439 768 3504 anno
782 3421 912 3504 eodem
924 3446 995 3522 ego
1021 3424 1130 3500 Dudo
1145 3423 1293 3501 vendidi
1306 3425 1345 3500 in
1358 3423 1491 3500 eadem
1504 3421 1691 3500 villarem
1705 3439 1828 3496 mam

603 3529 754 3605 domino
781 3525 1026 3602 Gundelando
1051 3526 1177 3603 abbati
1197 3528 1245 3602 de
1269 3525 1526 3614 lauresham,
1551 3547 1671 3600 unum
1689 3521 1827 3620 ‘videli-

549 3645 610 3707 cet
624 3629 819 3717 mansum,
846 3650 911 3728 pro
928 3649 1003 3726 quo
1029 3630 1153 3732 accepi
1176 3654 1228 3706 xx
1252 3628 1335 3704 den.
1353 3626 1452 3706 &de
1467 3649 1615 3704 annona
1639 3625 1784 3702 modios
1798 3646 1824 3697 x

550 3731 782 3833 stipulatione
808 3729 855 3804 de
876 3742 998 3806 cetero
1021 3728 1186 3807 subnixa.
1238 3731 1396 3828 Signum
1421 3728 1617 3817 Dudonis‚
1643 3728 1707 3827 qui
1726 3725 1825 3801 hanc

549 3820 801 3912 venditionem
814 3831 901 3908 fecit
922 3830 1114 3910 &firmari
1129 3833 1287 3929 rogavit.
1340 3826 1479 3907 Anum
1516 3829 1709 3906 Wtealeim
1730 3828 1825 3926 pub-

548 3937 619 4015 lice
634 3935 745 4014 die&
770 3947 935 4034 tempore
956 3955 1031 4030 quo
1053 3933 1171 4033 supra.
1224 3935 1383 4031 Signum
1401 3932 1599 4021 Balduini,
1624 3929 1823 4014 Ratberti,

551 4039 752 4136 Waningi,
779 4033 985 4115 Rutherici.
1039 4037 1122 4138 Ego
1147 4035 1354 4139 Wiglarius
1379 4035 1546 4114 notarius
1568 4029 1689 4135 scripsi
1710 4029 1823 4127 hujus
1943 4040 1945 4163 p

551 4140 774 4220 venditionis
787 4139 988 4221 kartulam.
1653 4133 1769 4214 DLV.
