4000 5417
1035 450 1392 527 Tnuorrronns

1140 746 1323 837 DCCCL

864 877 1047 971 Donatio
1080 874 1148 969 W
1141 871 1309 962 arnheri
1337 872 1378 959 ia
1406 870 1612 967 Rinehim.

600 1042 736 1183 Auno
760 1044 832 1123 XV
855 1046 957 1143 regni
982 1043 1121 1120 domini
1147 1040 1257 1117 nostri
1284 1040 1422 1139 Pippini
1445 1040 1571 1135 regis,
1600 1062 1677 1135 ego
1701 1042 1846 1120 Wernlro

686 1149 765 1222 rius
779 1169 845 1246 pro
869 1149 938 1223 Dei
948 1146 1087 1221 intuitu
1102 1144 1163 1220 vel
1178 1166 1244 1241 pro
1261 1144 1396 1219 animae
1410 1164 1506 1219 meae
1518 1142 1779 1230 remediator
1797 1168 1844 1242 pro

600 1264 739 1328 aeterna
754 1250 1013 1334 retributione,
1038 1262 1081 1321 ut
1104 1246 1252 1321 veniam
1279 1258 1513 1343 peccatorum
1535 1266 1711 1319 meorum
1732 1246 1844 1343 adipisci

602 1374 763 1436 merear,
788 1352 963 1450 perhanc
986 1348 1169 1425 cartulam
1185 1346 1392 1421 donationis
1407 1343 1479 1419 slve
1501 1344 1755 1423 testamentum
1770 1350 1841 1422 dono

604 1453 652 1527 ad
666 1452 826 1527 santium
852 1451 920 1526 Dei
934 1466 1140 1546 martyrem
1167 1448 1369 1524 Nazariunr
1384 1445 1457 1523 &o
1484 1468 1570 1521 rem
1591 1449 1751 1523 meamin
1765 1474 1841 1545 pago

599 1552 843 1657 Lobodonenfi‚
870 1554 975 1651 super
986 1552 1143 1627 fluvium
1168 1549 1383 1636 Suorzoia,
1409 1548 1450 1623 in
1474 1549 1736 1637 Dinaretum,
1753 1550 1837 1644 quid·

600 1654 691 1751 quid
704 1654 841 1728 habere
856 1656 1011 1742 videor,
1036 1653 1075 1727 iu
1090 1651 1248 1737 mansis,
1273 1650 1433 1748 campis,
1461 1651 1606 1747 pratiS‚
1633 1652 1731 1737 silvis,
1744 1650 1834 1745 aquis,

603 1778 832 1851 aquarumve
853 1754 1085 1843 decursibus,
1110 1752 1291 1829 omnia&
1316 1776 1366 1825 ex
1389 1751 1588 1841 omnibuS‚
1615 1776 1694 1850 quae
1707 1754 1782 1828 mihi
1801 1753 1835 1825 de

603 1872 707 1955 parte
722 1858 898 1953 genitoris
919 1860 992 1935 mei
1014 1854 1193 1936 Nautheri
1220 1854 1362 1948 legibus
1383 1854 1643 1943 obvenerunt,
1667 1856 1752 1929 adie
1765 1874 1836 1951 prm

605 1958 695 2033 senti
717 1962 763 2033 tle
784 1958 868 2055 jure
884 1983 968 2035 meo
993 1956 1111 2053 injus
1133 1956 1171 2033 ἂ
1197 1956 1399 2029 dominium
1422 1955 1530 2030 santii
1560 1958 1610 2032 N.
1637 1956 1730 2032 trado
1748 1973 1834 2050 atque

480 2062 486 2069 ’
603 2060 821 2136 transfundo
836 2061 1096 2163 perpetualiter
1122 2058 1170 2132 ad
1183 2056 1428 2157 pollrdendum
1453 2056 1526 2133 &n
1581 2058 1708 2134 Alium
1728 2058 1834 2131 inmo·

440 2178 474 2228 a.
494 2158 573 2246 Apr·
603 2160 758 2237 nasteno
797 2162 1012 2237 lam-ostam
1046 2162 1115 2238 llll
1141 2184 1225 2238 non.
1254 2158 1404 2257 Aprilis.
1458 2160 1616 2253 Signum
1646 2157 1832 2244 warnhen.

602 2264 666 2361 qui
681 2263 779 2341 hanc
796 2262 1148 2343 donatiouemlecit.
1204 2261 1407 2358 Wiglarius
1421 2260 1567 2363 scripsit.
1630 2283 1633 2287 *

1161 2466 1367 2559 DCCCII.

816 2594 998 2685 Donatio
1026 2596 1249 2687 Frontonis
1286 2598 1328 2686 in
1356 2588 1626 2693 Dimelenitim.

601 2768 702 2899 Ego
714 2756 860 2836 Frauko
876 2762 974 2839 douo
990 2764 1038 2839 ad
1055 2761 1216 2841 santium
1242 2764 1313 2840 Dei
1326 2780 1525 2863 martyrem
1547 2757 1757 2847 nannum„
1770 2750 1823 2850 qul

678 2862 872 2959 requiescit
896 2864 935 2939 in
956 2864 1173 2943 monasterio
1208 2867 1462 2955 Laureshauu,
1488 2866 1550 2943 ubi
1565 2866 1619 2941 vir
1640 2856 1828 2939 venerabilli

602 2964 815 3061 Egilbertus
840 2967 936 3044 abba
956 2966 1100 3066 praeelle
1118 2970 1290 3056 videtur,
1314 2969 1565 3067 donatumque
1579 2969 1617 3043 in
1646 2973 1829 3065 perpetuum

601 3064 669 3141 elle
685 3068 769 3141 volo
782 3088 848 3167 pro
874 3069 1011 3147 animae
1034 3070 1330 3157 rneae'remedio,
1356 3070 1552 3167 mansurnj
1578 3064 1780 3147 embola,
1800 3058 1830 3131 in

602 3169 911 3245 Diaurlenher'mero
937 3196 1079 3261 marta,
1105 3175 1146 3249 in
1171 3176 1275 3263 locu,
1300 3173 1363 3271 qui
1379 3174 1518 3251 dicitur
1543 3162 1831 3247 Hiiadilraudolu·

594 3268 686 3369 sain,
712 3293 799 3345 curu
825 3268 926 3347 omni
949 3274 1103 3350 aedificio
1129 3275 1370 3375 superpolito,
1396 3275 1435 3352 ἃ
1455 3290 1562 3375 prato
1578 3276 1629 3352 ad
1650 3298 1674 3349 v
1694 3262 1831 3345 umidas

599 3372 695 3459 feni,
721 3371 760 3448 δι
773 3372 813 3447 in
838 3374 1089 3448 Diuaelenluim
1109 3378 1273 3464 mansum
1292 3376 1492 3453 dimidium
1517 3377 1557 3454 δι
1573 3375 1709 3473 jornal.
1727 3392 1779 3453 xv,
1799 3360 1831 3438 &

409 3580 454 3653 ‚⁵

454 3613 464 3633 ⁰
558 3614 567 3632 ·
1828 3616 1836 3652 l

599 3698 696 3753 auno
709 3674 781 3751 XX
796 3680 898 3774 regni
922 3680 1114 3757 Ludowici
1128 3683 1228 3779 regis
1252 3682 1356 3782 super
1369 3684 1568 3760 orientales
1580 3684 1752 3759 Francos.
1771 3672 1836 3763 Sil·

600 3778 931 3869 nominamus,
958 3782 1023 3879 qui
1040 3782 1137 3859 hanc
1152 3784 1387 3859 donationem
1408 3786 1514 3871 fecit,
1540 3785 1688 3880 fignum
1702 3780 1839 3857 Mutii·

498 3894 520 3927 ‘
602 3900 692 3958 uon
721 3903 906 3973 corillus,
931 3884 1151 3976 Erluuuiui,
1177 3884 1420 3985 Megiuhardi.
1472 3886 1701 3965 Tiottoohus
1718 3872 1837 3977 scripsi·

1419 4060 1486 4073 “’
1567 4056 1804 4206 ¹occcru
