4000 5417
496 496 576 589 27⁶
878 478 1064 563 creon.
1091 499 1153 556 sr
1180 475 1399 558 Carnem

1056 633 1777 683 -——·⁴·—-———-—...

498 780 631 875 roms
653 781 859 871 iritosibus
875 810 1007 899 quam
1015 779 1318 902 temporalibus
1333 783 1458 899 ipfius
1465 794 1775 904 propemodum

495 928 583 989 ann
638 902 796 1002 atis,a
839 893 953 983 lanta
996 899 1086 984 edis
1111 897 1319 1012 usquead
1337 899 1542 986 verticem
1560 909 1710 996 nonsit
1728 913 1771 1000 in
1923 943 1924 946 ‘

498 1042 550 1098 ea
568 1009 732 1098 sanitas,
836 925 1020 1097 einricso
1048 1007 1229 1098 successit
1258 1008 1514 1125 Sigehardus
1539 1044 1598 1106 ex
1627 1047 1773 1109 mona·

494 1125 619 1214 sterio
647 1119 946 1240 Hirsaugienfi,
974 1121 1125 1210 nobilis
1170 1125 1312 1210 uidem
1328 1122 1575 1240 parentelae,
1604 1127 1674 1218 sed
1692 1140 1771 1224 uti·

494 1267 597 1326 narn
611 1238 792 1342 eisdem,
821 1241 974 1353 quibus
994 1151 1218 1323 antecesior
1237 1232 1334 1324 suus
1351 1236 1429 1325 aus
1452 1241 1543 1327 iciis
1563 1306 1575 1346 ,
1605 1250 1680 1359 qui
1695 1276 1771 1365 per

496 1375 698 1468 cognatos
723 1347 847 1455 suos,
876 1350 1120 1442 Cunradum
1161 1347 1357 1437 videlicet
1433 1359 1680 1466 aguntmum
1706 1392 1769 1454 ar-

495 1461 830 1581 chiepis'copum,
857 1458 1038 1551 sedtum
1067 1458 1336 1552 Sabinensem
1362 1461 1600 1582 episcopum
1636 1475 1775 1561 cardi--

494 1576 634 1666 nasem
651 1579 696 1666 n
720 1575 1029 1692 Salzburgenfis
1059 1573 1238 1662 ecclefiae
1264 1601 1611 1692 procuratorem,
1637 1606 1764 1700 atque

495 1692 742 1782 Ossonsm
748 1692 929 1804 fratrem
946 1693 1033 1803 ejus
1049 1716 1101 1774 ex
1112 1687 1304 1780 Palatino
1316 1690 1453 1779 comite
1468 1694 1596 1780 ducem
1603 1697 1764 1788 Bactro-

491 1804 640 1907 oicum,
665 1801 929 1918 privilegium
946 1798 1180 1918 apostolicae
1190 1798 1298 1891 sedis
1313 1806 1368 1891 ab
1394 1800 1638 1895 Alexandro
1656 1839 1765 1927 papa

492 1920 621 2004 tertio
635 1913 835 2004 collatum
854 1917 1058 2018 obtinuit,
1086 1915 1250 2002 missum
1266 1917 1318 2004 ab
1336 1914 1556 2006 universali
1572 1921 1760 2027 concisio,

488 2030 604 2143 quod
620 2029 775 2116 Romae
803 2025 877 2116 sub
898 2025 985 2143 ipso
1011 2025 1203 2114 habitum
1223 2030 1292 2116 est.
1349 2027 1486 2122 Usum
1532 2062 1672 2148 uoque
1689 2033 1764 2122 mi·

487 2164 568 2231 trae
584 2144 629 2230 n
647 2141 786 2245 anuh,
815 2161 1152 2254 coeterorumque
1178 2143 1399 2257 insignium
1427 2061 1627 2260 praesatus
1654 2177 1706 2264 pa
1736 2181 1763 2235 a

414 2290 417 2297 ’
488 2257 626 2342 eidem
642 2258 781 2342 abbati
798 2249 880 2342 suis
910 2284 964 2342 ue
987 2251 1280 2343 successoribus
1296 2260 1338 2342 in
1397 2281 1697 2372 erpetuum‘tra
1730 2264 1759 2326 ’-

487 2369 609 2498 dit&
626 2365 779 2486 scripto
798 2281 1062 2458 consirmavit
1081 2432 1092 2474 ‚
1119 2391 1167 2456 ut
1186 2367 1295 2458 insra
1322 2285 1501 2458 visetur.
1711 2387 1717 2401 ‘

892 2686 897 2694 ¹
1021 2581 1219 2678 CLXIV.
1491 2639 1493 2644 ·

721 2713 952 2832 Privilrgt'a
978 2715 1209 2810 Alexandri
1224 2743 1364 2832 popae
1390 2715 1518 2806 tertii.
1546 2799 1551 2809 .

369 2893 376 2914 ‘
478 2877 766 3019 Acerrimum
787 2886 993 2988 episcopus,
1021 2880 1147 2963 servus
1162 2883 1350 2960 servorum
1366 2885 1446 2974 Dei,
1463 2879 1600 2960 dilesio
1608 2881 1685 2960 filio
1698 2884 1757 2962 Si·

567 2983 729 3081 genardo
756 2987 881 3066 abbati
915 2985 1124 3064 monasterii
1150 2985 1263 3064 sanni
1286 2987 1438 3064 Nazarii
1464 2987 1755 3077 Laurisamensr‚

391 3147 395 3154 .
481 3083 633 3184 ejusque
647 3089 849 3180 fratribus,
874 3105 954 3168 tam
969 3089 1227 3192 praesentibus,
1253 3111 1369 3187 quani
1384 3089 1530 3178 futuris,
1547 3090 1753 3184 regularem

483 3189 604 3265 vitam
619 3193 790 3290 profeffis,
803 3195 843 3269 in
857 3207 1087 3294 perpetuum.
1140 3190 1320 3278 Quotiens
1340 3192 1432 3268 illud
1447 3189 1588 3267 anobis
1599 3189 1752 3289 petitur,

481 3293 584 3389 quod
604 3295 774 3392 religioni
802 3294 1042 3373 &honestati
1067 3293 1264 3370 convenire
1290 3293 1509 3381 dinoscitur,
1536 3291 1661 3367 animo
1682 3313 1751 3366 nos

457 3423 461 3435 ¹
478 3394 587 3470 decet
600 3396 727 3472 libenti
742 3399 940 3476 concedere
956 3453 966 3487 ,
992 3397 1031 3476 δι
1046 3397 1252 3496 petentium
1267 3395 1451 3473 desideriis
1465 3415 1666 3490 congruum
1676 3391 1749 3470 suf-

408 3532 432 3581 ·,
478 3493 643 3593 fragium
664 3499 854 3597 impertiri.
908 3502 1130 3600 Eapropter,
1156 3497 1281 3574 dilesti
1294 3498 1333 3574 in
1358 3498 1517 3573 Domino
1531 3495 1611 3583 filii,
1624 3493 1751 3572 vestris

472 3595 580 3694 justis
595 3600 892 3698 postulationibus
914 3605 1116 3678 clementer
1137 3602 1362 3688 annuimus,
1388 3598 1426 3676 δι
1445 3598 1642 3698 praefstum
1666 3619 1747 3671 rno-

418 3765 423 3773 .
476 3700 693 3792 casterium,
716 3703 847 3804 inquo
869 3705 994 3782 divino
1017 3705 1099 3780 estis
1125 3703 1295 3798 obsequio
1316 3700 1535 3801 mancipati,
1560 3699 1624 3776 snb
1651 3699 1750 3782 beati

474 3801 576 3879 Petri
591 3803 630 3881 &
644 3805 764 3882 nostra
777 3809 996 3909 protectione
1011 3805 1224 3905 suscipimus
1241 3803 1279 3879 δι
1295 3803 1484 3900 praesentis
1499 3801 1619 3900 scripti
1634 3799 1747 3900 privi-

472 3905 571 4000 legio
603 3911 889 3986 communimus.
942 3909 1115 4006 inprimis
1140 3904 1318 4002 siquidem
1338 3903 1563 3992 statuentes,
1590 3916 1633 3979 ut
1654 3903 1744 3979 ordo

467 4007 717 4107 monasticus,
743 4012 807 4109 qui
824 4009 1024 4088 secundum
1050 4011 1172 4084 Deum
1187 4003 1226 4082 ἃ
1239 4003 1336 4080 beati
1363 4005 1551 4082 Benedisii
1575 4005 1745 4100 regulam

469 4105 510 4181 io
529 4110 644 4187 vestro
678 4113 893 4190 monasterio
915 4111 1101 4189 institutus
1132 4105 1201 4182 esse
1222 4106 1446 4198 dinoscitur,
1473 4106 1747 4208 perpetuis-ibi·
1773 4191 1776 4198 ,

472 4207 558 4294 dem
578 4214 807 4317 temporibus
830 4213 1092 4298 inviolabiliter
1107 4209 1343 4310 obferretut:
1369 4210 1552 4318 p'raeterea
1565 4205 1746 4309 quassus-

1008 4346 1012 4354 ·
1085 4339 1088 4347 ¹
1623 4332 1698 4410 quo
