4000 5417
997 356 1356 441 Tanorrrourrs

932 724 935 731 =
1050 662 1269 757 COOEIV.

522 806 705 905 Donatio
727 810 797 907 W
789 813 942 927 altgeri
950 812 992 943 ir
1010 814 1078 905 Do
1100 812 1251 944 fnlcim
1269 843 1374 903 anno
1396 817 1502 909 XX
1508 800 1656 910 Karoli
1678 822 1795 939 smpe-

853 940 1029 1033 ratorrs,
1091 918 1300 1015 ratbodone
1324 929 1477 1020 abbate.

523 1096 625 1230 Ego
639 1091 678 1169 in
704 1090 773 1167 Dei
787 1093 935 1169 nomine
962 1092 1132 1191 Waltger
1148 1116 1218 1193 pro
1239 1094 1402 1171 remedio
1422 1097 1559 1175 ansrnae
1579 1120 1676 1177 meae
1696 1099 1793 1178 dono

603 1195 649 1269 ad
664 1194 822 1271 santium
848 1192 982 1272 Christi
999 1210 1204 1291 martyrem
1227 1197 1273 1272 N.
1288 1198 1352 1294 qui
1371 1199 1566 1295 requiescit
1589 1201 1629 1276 in
1644 1222 1793 1301 corpore

523 1292 564 1369 in
580 1296 794 1373 monasterio
808 1295 1051 1386 Lauresham,
1066 1299 1132 1373 ubi
1146 1299 1365 1375 venerabilis
1379 1300 1574 1398 Richpodo
1590 1302 1687 1379 abba
1701 1326 1793 1403 prae·

523 1395 592 1473 else
608 1398 771 1485 videtur,
798 1398 1050 1496 donatumque
1063 1400 1103 1475 ln
1118 1412 1339 1498 perpetuum
1352 1400 1420 1477 elle
1445 1401 1550 1492 volo,
1575 1404 1648 1479 hoc
1662 1405 1723 1491 eli,
1736 1407 1792 1483 vi-

522 1521 631 1575 neam
641 1497 656 1595 j
684 1500 721 1575 ln
747 1494 952 1599 Doffmluim
966 1502 1228 1601 perpetualiter
1240 1500 1513 1601 polluendum,
1538 1506 1611 1595 ita,
1633 1507 1793 1584 utdeIn·

523 1622 608 1700 ceps
623 1601 668 1676 ad
685 1598 800 1699 ipsum
816 1602 940 1675 locum
954 1603 1058 1676 omni
1082 1615 1248 1701 tempore
1260 1602 1427 1702 proficiat
1445 1606 1486 1682 in
1500 1608 1711 1704 augmentis
1734 1609 1793 1684 lli-

522 1704 709 1799 pulatione
723 1701 885 1777 subnixa.
939 1699 1077 1778 Attum
1100 1704 1139 1779 io
1162 1704 1381 1782 monasterio
1406 1708 1621 1783 taurorum
1642 1710 1711 1785 XV
1727 1711 1792 1787 lm·

362 1836 411 1903 18·
424 1822 490 1901 Jul,
521 1804 649 1879 lendas
667 1802 832 1898 Augusti.
884 1802 1044 1899 Signum
1061 1805 1266 1903 Waltgefi,
1291 1809 1359 1906 qui
1373 1809 1471 1889 hanc
1492 1811 1727 1889 donationem
1740 1810 1795 1889 se·
1953 1841 1954 1858 ¹

520 1905 581 1981 cit
610 1906 693 2003 Ego
709 1902 953 2001 Reginbertus
973 1904 1104 2005 scripsi.
1350 1953 1353 1960 ,
1953 1909 1954 1942 ¹

574 2238 755 2332 Donatio
783 2238 970 2333 Gerbrrti
996 2240 1039 2329 in
1064 2108 1323 2333 rafsffiriisa
1337 2246 1390 2335 X
1399 2243 1584 2358 kalendar
1606 2242 1737 2365 Μ’.

520 2404 655 2547 Anno
668 2408 793 2485 XXIII
819 2408 923 2505 regni
937 2408 1078 2488 domini
1092 2410 1201 2487 nostri
1227 2410 1351 2487 Karoli
1366 2406 1506 2504 gloriosi
1527 2406 1790 2507 imperatorie,
1953 2485 1954 2494 Ν

606 2534 676 2607 ego
702 2510 902 2587 Gerbertus
918 2512 1016 2585 dono
1031 2513 1080 2587 ad
1097 2512 1255 2587 santium
1282 2512 1349 2585 Dei
1363 2522 1567 2604 martyrem
1585 2511 1632 2587 N.
1647 2509 1716 2606 qui
1732 2530 1795 2583 re-

521 2612 672 2709 quiescit
697 2614 735 2687 in
752 2611 993 2701 monasterio,
1019 2614 1120 2710 quod
1135 2627 1286 2688 vocatur
1311 2611 1562 2697 lauresham,
1589 2612 1696 2711 super
1722 2610 1795 2687 llu-

521 2713 626 2790 vium
642 2713 796 2794 Wilscoz
814 2713 902 2803 sito,
928 2713 990 2789 ubi
1007 2718 1066 2789 vir
1079 2714 1298 2791 venerabilis
1323 2712 1515 2789 Richbodo
1531 2713 1630 2789 abba
1643 2710 1792 2812 praeesse

523 2814 689 2905 videtur,
716 2818 966 2914 donatumque
993 2816 1031 2891 in
1044 2830 1261 2917 perpetuum
1275 2814 1344 2891 elle
1358 2815 1444 2891 volo
1466 2812 1507 2891 δι
1535 2813 1797 2913 promptissima

524 2919 717 2994 voluntate
731 2918 933 3007 confirmo,
959 2918 1031 2993 hoc
1050 2918 1121 3007 est,
1148 2918 1187 2993 in
1211 2912 1446 3035 Doffrntetoj
1471 2914 1614 3033 lrobam
1634 2916 1672 2993 δι
1681 2914 1714 3011 jj
1739 2915 1797 2991 vi·

524 3016 1801 3221 tlrerltztffilzlt‘tffitilltltllttlt‘pltlttt‘rt

527 3236 691 3321 tempore
706 3220 744 3297 in
769 3226 977 3320 augmentis
993 3224 1226 3324 stipulatione
1245 3223 1411 3300 subnixa.
1462 3219 1597 3299 Atium
1609 3219 1647 3295 in
1663 3241 1797 3294 mona-

524 3322 629 3399 sterio
655 3324 877 3401 Lourtrtom.
931 3326 1090 3423 Signum
1104 3324 1292 3414 Gerberti,
1309 3326 1373 3426 qui
1384 3324 1481 3400 hanc
1494 3322 1724 3401 donationem
1739 3318 1799 3395 se-

523 3424 603 3515 citp,
629 3425 771 3523 signum
795 3426 983 3518 Welsridi,
1010 3426 1222 3507 Hantberti.
1274 3428 1360 3527 Ego
1379 3425 1625 3524 Reginbertus
1641 3434 1801 3523 rogatus

525 3526 642 3632 scripsi
656 3530 695 3609 δι
712 3527 906 3630 subscripsi.
