4000 5417
403 561 407 569 ,
496 498 556 581 ¹14
882 471 1067 553 Canon.
1093 489 1156 545 nr
1181 447 1424 547 cnanrn'
1470 459 1474 465 ’

508 786 596 859 dam
620 778 949 859 commutationem
975 775 1163 853 nobiscum
1183 774 1303 852 facere
1324 774 1472 862 liceret,
1499 796 1658 872 quorum
1682 782 1782 878 peti.

507 886 599 960 tioni
612 886 659 961 ob
674 904 839 959 amorem
866 878 1015 957 Domini
1028 875 1136 951 nostri
1160 876 1243 977 Jesu
1264 873 1397 951 Christi
1422 877 1552 953 libenti
1566 880 1691 955 animo
1717 907 1779 959 as-

487 1077 490 1083 Ι
509 985 654 1063 sensum
678 984 898 1085 praebentes,
913 980 1146 1056 decrevimus
1169 979 1224 1053 ita
1243 976 1334 1052 fieri.
1378 978 1506 1076 ltaque
1525 1004 1594 1057 nos
1606 1004 1674 1081 per
1695 983 1778 1058 illo-

511 1096 607 1165 rum'
620 1086 830 1163 consensum
863 1082 1074 1181 accepimus
1093 1078 1139 1153 de
1162 1080 1270 1156 rebus
1301 1080 1447 1179 praefati
1478 1084 1658 1178 martyris
1683 1085 1777 1161 inter

386 1220 387 1223 ’
512 1191 661 1271 Batiam,
674 1188 713 1265 ὅ(
727 1186 975 1271 Swalavaldon,
990 1185 1033 1260 in
1044 1182 1135 1256 locis
1150 1182 1371 1279 nuncupatis
1396 1182 1502 1256 Bulla
1516 1182 1555 1259 δι
1571 1184 1777 1282 Ramisinga

336 3872 478 4045 Qui}

511 1292 551 1369 dc
569 1288 797 1367 Gunzanbeim
810 1286 850 1364 dc
874 1286 1104 1379 Mundilinga
1124 1284 1163 1359 dc
1188 1282 1369 1371 Runhaim,
1381 1284 1453 1358 hoc
1465 1282 1541 1372 est,
1568 1288 1804 1395 Ἥρῃ-αὶ

511 1391 826 1511 chmr
851 1388 889 1464 δι
905 1382 1561 1487 ,hubasserviles,q,estita,s„‚q,&pjj,
1575 1386 1779 1489 sema&

493 1518 576 1597 pra
593 1515 674 1599 anJ.
715 1472 1415 1587 abolet''teto‘tn‘re'coinpensatione
1434 1481 1633 1564 earundem
1652 1514 1780 1567 rerum

513 1590 684 1670 dedimus
702 1594 748 1669 ad
773 1592 883 1668 Sturn
909 1590 1109 1667 Nazarium
1128 1589 1171 1662 in
1184 1610 1280 1687 pago
1306 1588 1526 1682 Creichgowc,
1548 1590 1589 1665 in
1608 1593 1700 1667 villa
1714 1596 1777 1670 vel

515 1696 671 1773 marcha
698 1692 956 1781 Gozbotesheim,
970 1690 1135 1769 similiter
1157 1690 1279 1765 hubas
1303 1689 1344 1764 in
1364 1690 1590 1767 dominicum
1613 1706 1710 1782 tres,
1735 1694 1779 1771 δι

498 1790 663 1896 serviles
701 1795 821 1871 hubas
852 1791 929 1890 xvjj
957 1781 1204 1891 &mancipia
1228 1788 1335 1888 cxrvj
1362 1790 1401 1867 dc
1426 1806 1588 1882 caetera,
1622 1816 1705 1892 quae
1728 1797 1779 1871 ad

517 1912 693 1995 utrasque
708 1920 767 1973 res
782 1898 948 1991 legitime
967 1893 1122 1994 aspicere
1143 1894 1392 1992 vel-pertinere
1416 1894 1601 1983 videntur.
1642 1898 1693 1972 Et
1701 1896 1780 1993 jus·

517 2002 628 2097 fimus
649 2000 702 2075 eis
726 1999 805 2075 fieri
824 1998 895 2073 hoc
921 1995 1051 2075 nostrae
1076 1994 1301 2071 autioritatis
1326 2011 1578 2095 praeceptum,
1604 2022 1667 2097 per
1681 2001 1779 2097 quod

518 2102 747 2179 decernimus
763 2114 873 2196 atque
883 2096 1081 2194 jubemus,
1106 2111 1150 2171 ut
1164 2096 1381 2196 praescriptae
1394 2119 1453 2173 res
1479 2122 1565 2175 curn
1587 2102 1780 2199 mancipiis

518 2204 709 2299 utriusque
725 2202 832 2277 sexus
853 2200 891 2276 dc
904 2223 992 2275 curn
1013 2198 1212 2286 omnibus,
1234 2221 1320 2295 quae
1332 2199 1421 2290 illuc
1432 2201 1595 2295 legitime
1620 2202 1781 2302 aspicere

519 2307 581 2382 vel
596 2306 773 2403 pertinere
793 2302 988 2389 videntur,
1022 2301 1072 2375 ad
1087 2300 1171 2375 usus
1189 2300 1355 2376 fratrum
1367 2300 1406 2375 in
1426 2302 1640 2398 monasterio
1666 2302 1780 2379 sandi

475 2480 480 2509 f
520 2403 671 2483 Nazarii
692 2404 739 2479 ad
765 2401 996 2477 Lauresham
1018 2401 1178 2477 Domino
1203 2400 1465 2477 famulantium
1483 2402 1666 2501 perpetuis
1681 2417 1780 2479 tem-

510 2506 668 2609 poribus
682 2525 745 2603 per
759 2503 830 2577 hoc
850 2502 978 2581 nostrae
1003 2504 1231 2579 auctoritatis
1254 2518 1476 2604 praeceptum
1491 2506 1630 2604 plenius
1643 2505 1682 2579 in
1707 2505 1781 2582 Dei
1877 2555 1884 2565 ·

521 2606 670 2685 nomine
695 2604 977 2694 confirmatum,
1003 2606 1106 2680 nullo
1119 2604 1368 2701 inquietante,
1395 2604 1454 2681 sed
1478 2607 1555 2682 Deo
1574 2607 1780 2685 auxiliante

521 2720 761 2808 permaneant
773 2705 912 2804 absque
924 2707 1038 2783 ullius
1052 2706 1335 2783 contradicentis
1355 2704 1564 2796 obstaculo,
1589 2732 1636 2785 ea
1650 2710 1781 2786 videli-

522 2823 583 2885 cet
593 2808 759 2896 ratione,
785 2821 827 2882 ut
840 2809 965 2883 nullus
978 2807 1119 2895 abbas,
1144 2830 1261 2906 neque
1284 2809 1469 2909 quispiam
1481 2811 1618 2907 aliquis
1630 2835 1695 2888 eas
1710 2812 1780 2888 ali·

522 2912 583 2987 cui
597 2912 634 2985 in
648 2909 863 2987 beneficium
885 2909 1052 3011 praestare
1072 2909 1291 3009 praesumat,
1317 2912 1377 2987 sed
1396 2926 1439 2989 ut
1450 2913 1718 3014 praediximus,
1742 2914 1781 2989 in

521 3013 607 3088 usus
620 3012 777 3087 fratrum
799 3012 934 3088 ibidem
960 3012 1121 3087 Domino
1140 3012 1403 3090 famulantium
1427 3014 1687 3114 perpetualiter
1698 3039 1781 3123 per·

522 3120 722 3202 maneant,
748 3129 790 3189 ut
809 3138 872 3191 eos
896 3138 962 3214 pro
982 3113 1102 3190 nostra
1122 3138 1166 3188 ac
1187 3113 1352 3211 conjugis
1371 3137 1414 3189 ac
1439 3116 1652 3192 chariffimae
1665 3117 1781 3213 prolis

521 3216 651 3293 nostrae
670 3217 812 3305 salute,
838 3240 996 3291 necnon
1020 3239 1085 3315 pro
1105 3216 1264 3291 remedio
1290 3216 1494 3292 animarum
1515 3216 1780 3293 antecessorum

520 3317 724 3396 nostrorum
750 3319 898 3393 Domini
919 3317 1155 3394 clementiam
1176 3318 1422 3395 delestabilius
1441 3339 1590 3394 exorare
1609 3319 1777 3394 delesset,

521 3420 574 3495 Et
592 3435 635 3498 ut
656 3422 737 3498 haec
762 3416 957 3496 auetoritas
976 3420 1180 3515 largitionis
1204 3416 1334 3497 nostrae
1348 3421 1488 3497 firmior
1509 3420 1710 3507 habeatur,
1735 3419 1780 3495 dc

519 3544 586 3619 per
595 3523 720 3597 sutura
735 3536 900 3619 tempora
915 3546 937 3596 a
951 3521 1122 3601 fidelibus
1143 3516 1270 3597 nostris
1284 3525 1408 3599 verius
1422 3524 1614 3611 credatur,
1637 3520 1677 3598 dc
1691 3520 1779 3595 dili·

518 3624 665 3718 gentin's
679 3623 909 3711 observetur,
934 3647 1050 3699 manu
1065 3623 1209 3721 propria
1228 3622 1349 3699 nostra
1375 3624 1498 3701 subter
1510 3648 1595 3702 earn
1613 3622 1781 3698 firmavi-

520 3748 630 3813 mus,
656 3724 695 3801 &
720 3725 823 3799 anuli
843 3725 952 3801 nostri
977 3724 1202 3824 impresbone
1223 3726 1388 3821 assignari
1409 3725 1588 3821 jussimus
1637 3725 1780 3801 Hebet-

518 3825 657 3901 hardus
677 3828 919 3903 cancellarius
945 3827 994 3904 ad
1014 3826 1134 3903 vicem
1159 3827 1342 3903 Grimaldi
1363 3827 1647 3928 archicapellani
1680 3848 1788 3919 recoq

517 3928 645 4025 gnovi,
672 3924 715 4005 dc·
735 3927 925 4026 subscripfi.
976 3928 1125 4003 DataX
1144 3930 1321 4005 kalendas
1346 3929 1454 4029 Junir.
1483 3952 1610 4019 anno,
1636 3925 1780 4006 Christo

516 4030 690 4131 propitio,
715 4028 878 4117 XXXVI
902 4030 1006 4127 regni
1018 4030 1159 4107 domini
1170 4030 1384 4110 Hludowici
1405 4030 1610 4111 lereniffimi
1629 4029 1781 4142 regisin

572 4154 591 4201 .’
648 4192 653 4203 ,
1080 4190 1092 4206 ,.
1607 4151 1725 4207 orreu-
