4000 5417
483 433 558 510 268
862 413 1052 495 crinon.
1080 432 1142 492 nt
1167 407 1383 494 Citam

423 598 426 606 ,
484 584 842 614 ..η’-

1064 715 1206 808 CLXI

688 849 968 991 Franckrnvrlr
1000 847 1046 966 in
1074 844 1352 940 Gernrlieimer
1379 848 1557 940 marcha.

513 1044 539 1097 n
563 1015 711 1094 nomine
737 1017 808 1094 Dei
840 1015 1114 1116 omnipotentis.
1177 1015 1420 1096 Heinricus
1453 1019 1581 1098 divina
1612 1019 1759 1100 favente

538 1119 762 1208 clementia,
787 1115 963 1196 universis
977 1117 1113 1196 Christi
1138 1113 1334 1208 fidelibus,
1359 1117 1493 1197 suturis
1508 1146 1552 1198 ac
1577 1125 1762 1223 praesenti·

485 1222 574 1310 bus,
588 1223 626 1299 in
638 1235 869 1322 perpetuum.
924 1218 1138 1318 Aequitatis
1160 1220 1254 1295 ratio
1280 1242 1325 1295 ac
1340 1219 1448 1301 officii
1470 1221 1581 1299 nostri
1594 1225 1761 1302 debitum

487 1323 633 1420 exigit,
659 1334 702 1399 ut
715 1323 810 1398 inter
821 1319 1250 1420 dispensatoreslfamiliae
1277 1320 1346 1397 Dei
1362 1344 1429 1398 nos
1445 1346 1589 1423 quoque
1604 1349 1759 1426 promo·

489 1427 580 1502 dulo
606 1424 725 1499 nostro
750 1422 878 1498 fideles
911 1424 1168 1510 inveniamur,
1201 1420 1241 1500 dt
1261 1423 1526 1502 necessitatibus
1557 1427 1761 1504 ianitorum

488 1527 552 1628 pio
578 1522 711 1601 affestu
735 1524 1063 1600 communicemus.
1116 1525 1344 1624 Quapropter
1369 1526 1416 1602 ad
1438 1527 1604 1603 omnium
1629 1529 1761 1606 Christi

490 1626 658 1703 sidelium
682 1625 855 1702 notitiam
870 1624 1127 1714 devolvimus,
1152 1625 1311 1722 qualiter
1343 1649 1412 1702 nos
1431 1627 1586 1704 fratrum
1612 1653 1654 1704 ac
1669 1629 1758 1706 fide·
1909 1722 1912 1730 Ι

489 1727 587 1807 lium
611 1726 814 1804 nostrorum
828 1727 996 1824 precibus
1020 1727 1190 1815 exorati,
1216 1726 1374 1804 fundum
1396 1727 1556 1807 ecclesiae
1577 1720 1706 1809 nostrae
1720 1729 1760 1807 iii

488 1828 573 1905 vico
598 1825 816 1902 frenicardi
828 1878 839 1915 ,
873 1825 1094 1904 intermino
1126 1828 1228 1906 villae
1256 1829 1469 1907 Garnrrlrrim
1492 1829 1627 1922 situm,
1652 1831 1691 1909 di
1714 1833 1761 1907 ad

488 1927 758 2026 dispositionem
774 1927 912 2004 cellarii
925 1927 1083 2027 fratrum
1103 1928 1308 2006 nostrorum
1333 1934 1604 2031 pertinentem,
1630 1932 1761 2011 susten·

487 2029 622 2106 tationi
653 2027 872 2104 ancillarum
904 2029 1063 2120 Cliristi,
1096 2030 1135 2107 in
1162 2031 1387 2107 Gomrrslieim
1420 2036 1759 2124 commanentium,

488 2128 557 2208 sub
582 2152 707 2226 annua
727 2126 895 2228 pensione
927 2130 1191 2222 concelsimus,
1224 2133 1401 2230 quatinus
1422 2136 1556 2212 exinde
1588 2137 1760 2234 praedim

489 2231 650 2310 fratrum
682 2228 833 2306 cellario
864 2232 1030 2328 quinque
1061 2235 1191 2310 uncias
1222 2233 1353 2312 nostrae
1372 2237 1532 2310 monetae
1565 2237 1757 2312 annuatim

485 2333 726 2436 persolvant,
751 2354 839 2408 cum
854 2330 960 2408 solita
976 2333 1143 2411 illatione
1158 2335 1398 2422 decimarum,
1413 2347 1493 2411 tam
1519 2333 1566 2409 de
1587 2335 1756 2408 animali-

490 2437 563 2512 bus
578 2487 589 2521 ,
616 2456 728 2531 quam
743 2433 788 2508 de
802 2431 1079 2523 usufmrtuario,
1094 2433 1143 2510 ad
1157 2433 1345 2510 ecclesiam
1364 2433 1522 2512 nostram
1534 2459 1583 2509 ex
1597 2435 1758 2534 {antiquo
1904 2481 1912 2494 ι

491 2533 774 2632 aspicientium3
800 2524 1022 2623 statuentes,
1048 2547 1091 2610 ut
1102 2536 1184 2612 haec
1198 2533 1327 2612 nostrae
1350 2535 1581 2611 concellionis
1602 2535 1757 2612 austori-

490 2647 597 2712 rasa
623 2633 881 2714 successoribus
901 2635 1030 2711 nostris
1052 2635 1160 2710 lirina
1173 2634 1212 2711 dc
1227 2634 1440 2712 inconvulsa
1461 2649 1635 2736 perpetuo
1667 2661 1757 2714 con-

490 2735 674 2827 servetur,
699 2736 940 2835 &quousque
954 2735 1120 2836 praefatae
1134 2737 1286 2814 famulae
1312 2737 1381 2814 Dei
1393 2737 1588 2838 praefixum
1608 2737 1772 2816 censum

489 2860 537 2914 ac
551 2839 717 2916 decimas
729 2839 870 2934 integre
883 2839 1136 2938 persolverint,
1162 2839 1310 2914 nullum
1324 2861 1346 2914 a
1362 2839 1528 2935 quolibet
1542 2839 1679 2915 ibidem
1693 2863 1759 2939 pa·

488 2939 631 3033 tiantur
651 2938 916 3039 praejudicium.
944 2941 1001 3016 De
1016 2951 1150 3016 caetero
1165 2962 1252 3016 vero
1264 2939 1378 3013 nullis
1390 2940 1659 3040 exustionibusl,
1673 2943 1759 3017 nul·

360 3131 363 3137 ,
488 3040 539 3118 lis
553 3041 728 3118 molestiis
743 3039 982 3138 subjiciantur
996 3095 1008 3131 ,
1026 3042 1087 3117 sed
1102 3041 1247 3116 rebusa
1265 3039 1371 3116 nobis
1386 3039 1450 3128 sibi
1462 3041 1629 3118 conceffis
1643 3041 1757 3118 libere

488 3142 736 3242 perfruantur.
788 3144 842 3222 Ut
855 3156 981 3222 autem
1001 3140 1115 3239 hujus
1129 3141 1214 3216 farti
1236 3141 1465 3220 observantia
1485 3141 1756 3219 commendabi-

487 3243 622 3321 lior&
641 3245 774 3322 certior
798 3269 820 3321 a
844 3244 896 3322 ud
916 3243 1080 3344 pqsteros
1099 3237 1308 3333 haberitur,
1334 3257 1476 3320 cartam
1495 3244 1602 3346 hanc,
1623 3244 1756 3320 exinde

489 3346 734 3446 conscriptam
759 3270 878 3443 ligdlo
903 3344 1065 3424 ecclesiae
1097 3343 1229 3422 nostrae
1253 3344 1461 3421 confirmari
1486 3345 1753 3445 praecepimus,

487 3445 691 3526 subnotatis
705 3449 849 3536 etiam,
876 3449 939 3546 qui
953 3445 1148 3547 praesentes
1163 3446 1342 3536 aderant,
1368 3448 1508 3524 idoneis
1529 3445 1567 3524 dr
1591 3445 1756 3545 probatis

325 3601 332 3611 .
486 3549 655 3628 testibus.
704 3549 910 3626 Rehwinus
931 3552 1119 3639 decanus,
1144 3551 1270 3626 Lanzo
1289 3547 1329 3625 &
1349 3549 1534 3625 Rudolfus
1556 3547 1754 3647 praepositi,

484 3648 694 3732 Fridericus
707 3652 746 3729 u
752 3650 884 3746 David
899 3651 1092 3741 monachi,
1108 3648 1227 3739 Craft,
1242 3649 1464 3738 Giselherus,
1481 3648 1670 3742 Arnoldus
1685 3648 1754 3722 mi·

405 3779 410 3786 ’
483 3749 700 3841 nisteriales,
724 3752 951 3840 Fridericus,
975 3751 1176 3830 Heinricus
1191 3750 1231 3828 dt
1256 3751 1450 3828 Cunradus
1464 3749 1502 3828 δι
1517 3750 1581 3825 alii
1606 3747 1754 3848 plurimi

483 3851 533 3927 de
556 3853 700 3930 familia
730 3853 789 3931 Sti
811 3853 971 3931 Nazarii.
1024 3853 1162 3932 Atium
1181 3850 1361 3952 Lauriffaa
1386 3847 1493 3930 anno*
1505 3852 1553 3928 ab
1586 3851 1754 3927 incarna-

481 3953 583 4032 tione
608 3954 741 4032 Christi
754 3953 961 4041 MCLXVI,
982 3953 1177 4032 iiidifflone
1198 3953 1290 4044 XV,
1311 3967 1488 4054 regnante
1510 3951 1754 4056 gloriofiffimo

481 4051 736 4140 Romanorum
768 4057 991 4161 imperatore
1028 4051 1225 4139 Friderico.
1634 4053 1700 4128 Al·
