4000 5417
577 367 683 506 sec.
710 425 765 505 XI
790 413 1054 506 Hera'rxeo
1080 418 1134 510 tv
1159 453 1264 508 rnre.
1366 387 1404 544 ἢ,
1455 457 1532 533 arq
1567 492 1571 498 -

281 897 306 948 n
327 867 474 946 nomine
501 865 631 946 sanitae
655 867 843 946 Trinitatis
869 869 907 948 &
927 869 1095 968 ejusdem
1123 868 1325 955 individua
1357 867 1523 946 unitatis·

307 974 389 1066 Ego
402 971 556 1046 humilis
580 968 855 1061 Ausuecmus,
881 974 1043 1073 provisor
1067 997 1190 1049 rerum
1214 972 1324 1049 santti
1349 973 1523 1049 Nazarii»

248 1085 379 1150 ⁴ratum
401 1072 490 1147 duxi
516 1072 648 1148 litteris
669 1072 887 1150 innotescere
920 1076 1086 1152 omnium
1107 1075 1272 1152 fidelium
1298 1073 1522 1176 posteritati,

254 1175 413 1273 qualiter
428 1175 522 1248 cella
538 1229 549 1262 ,
575 1173 794 1274 Micsrlenflot
809 1177 928 1266 ditia,
955 1179 1060 1254 nobis
1075 1179 1278 1276 antiquitus
1299 1178 1343 1252 lit
1368 1177 1522 1263 tradita,

254 1278 315 1353 vel
331 1275 646 1374 quemadmodum
661 1274 721 1348 his
737 1277 934 1354 novilsrmis
950 1279 1176 1379 temporibus
1189 1283 1267 1356 Deo
1286 1273 1521 1355 servientium

254 1377 489 1473 congregatio
514 1377 604 1457 inibi
629 1375 672 1452 stt
697 1379 929 1474 coadunata;
956 1403 1086 1478 quaeve
1106 1383 1227 1458 eidem
1259 1381 1306 1457 ad
1329 1379 1416 1456 usus
1436 1378 1520 1456 suos

253 1477 441 1568 concessa,
476 1478 549 1555 ssve
576 1481 737 1568 donata,
770 1483 830 1556 vel
855 1483 968 1559 etiarn
991 1506 1056 1581 pro
1081 1484 1327 1584 oportunitate
1353 1485 1521 1559 locorum

93 1567 97 1572 ⁵
129 1617 133 1622 ·
254 1582 470 1658 concambio
485 1582 702 1670 meliorata,
729 1581 790 1658 seu
806 1598 903 1660 certe
919 1585 1035 1684 pretio
1051 1584 1119 1661 fint
1144 1585 1325 1674 adtratta,
1352 1608 1435 1683 quae
1450 1583 1519 1659 frn-

254 1686 344 1780 gula
368 1685 487 1758 relatu
509 1681 547 1760 dt
573 1684 753 1760 memoria
774 1684 911 1782 digna',
952 1686 1024 1760 hoc
1049 1687 1176 1760 ordine
1206 1685 1289 1762 sunt
1320 1687 1516 1784 completa.

254 1787 433 1883 Tempore
460 1785 573 1879 igitur
607 1785 839 1883 imperatoris
878 1787 1071 1862 Ludowici
1093 1799 1336 1882 cognomento
1368 1787 1418 1883 pii
1440 1787 1519 1881 qui·

255 1889 342 1964 dam
396 1886 632 1974 EinharduS‚
659 1887 861 1964 nobilitatis
883 1887 1129 1984 &dignitatis
1153 1886 1292 1960 honore
1306 1887 1454 1972 clarus,
1481 1883 1520 1960 dc

256 2007 352 2063 uxor
368 1982 447 2083 ejus
461 1987 599 2075 imma,
626 1987 727 2065 Carli
743 1989 871 2086 'magni
885 1987 987 2078 filia,
1013 1987 1224 2088 praedittam
1245 1987 1380 2062 cellam
1403 1984 1521 2060 santio

131 2175 139 2188 ,
255 2087 416 2168 Nazario
430 2087 468 2162 in
494 2089 722 2164 Laur‘esham
743 2091 824 2192 pari
837 2090 1032 2166 devotione
1045 2090 1298 2174 tradiderunt,
1324 2087 1455 2162 eadem
1477 2085 1523 2160 li·

255 2191 398 2264 bertate
413 2187 450 2264 dt
465 2189 700 2283 integritate,
726 2217 801 2290 qua
816 2191 853 2268 dt
868 2191 930 2289 ipsi
946 2215 1030 2268 eam
1045 2215 1069 2265 a
1082 2191 1237 2288 praefato
1250 2191 1469 2288 imperatore
1484 2187 1524 2262 in

254 2289 515 2390 proprietatem
532 2287 773 2388 susceperunt.
828 2293 949 2380 Quam
963 2291 1216 2377 traditionem,
1242 2289 1267 2365 st
1282 2291 1363 2387 quis
1379 2287 1525 2386 plenius

255 2389 350 2466 nosse
365 2388 565 2480 desiderat,
592 2391 852 2483 testamentum
873 2393 1033 2493 ipsorum
1054 2393 1152 2491 apud
1174 2413 1243 2466 nos
1263 2390 1447 2466 servatum
1466 2410 1525 2462 re·

255 2495 364 2588 legat.
418 2492 520 2568 ldern
534 2514 624 2568 vero
648 2495 881 2582 Einhardus,
906 2517 994 2570 cum
1008 2493 1220 2594 praedittam
1234 2491 1369 2566 cellam
1383 2492 1431 2565 ad
1446 2490 1526 2564 dies
1653 2563 1657 2569 .

257 2595 345 2672 vitae
359 2592 432 2668 suae
449 2594 648 2681 retineret,
674 2613 801 2676 cetum
828 2599 907 2674 Deo
923 2595 1186 2674 famulantium
1205 2593 1281 2668 illic
1303 2612 1525 2688 congregare

217 2688 222 2698 Χ
257 2693 400 2780 voluit,
425 2693 587 2776 sedideo
612 2695 784 2775 essetium
810 2699 977 2798 consequi
998 2725 1074 2776 non
1095 2697 1241 2797 potuit,
1267 2696 1357 2794 quia
1372 2693 1527 2780 lanitia,

259 2818 353 2892 quos
369 2795 413 2866 de
441 2795 561 2868 Roma
576 2797 808 2888 adduxerat,
835 2802 1009 2878 videlicet
1033 2795 1303 2879 Marcellino&
1329 2797 1456 2883 Petro,
1483 2794 1528 2868 li·

258 2894 441 3004 beriorem
467 2891 590 2963 locum
617 2897 717 2970 Deus
743 2901 831 2970 alibi
848 2901 1177 2997 praedestinaverat.
1205 2899 1266 2974 Sic
1289 2900 1415 2994 itaque
1431 2896 1529 2972 cella

260 3003 529 3096 praenominata
545 3011 660 3086 usque
686 2995 734 3069 ad
748 2997 830 3072 haec
844 2999 1032 3079 noviffima
1047 3013 1215 3100 tempora
1228 2997 1421 3097 permansrt
1434 3019 1528 3094 quo-

262 3091 462 3172 dammodo
482 3091 674 3168 deserta&
688 3093 860 3174 desolata.
914 3099 983 3176 Ast
997 3102 1062 3178 ubi
1085 3117 1231 3201 tempus
1253 3100 1444 3176 miserendi
1463 3121 1527 3176 ve·

263 3200 342 3285 nit,
369 3211 411 3271 ut
425 3193 599 3292 iniquitas
614 3191 812 3286 deleretur,
837 3198 1023 3299 &justitia
1041 3203 1259 3305 sempiterna
1273 3203 1530 3288 adduceretur,

263 3299 429 3400 gratuita
449 3297 598 3372 Domini
621 3298 764 3394 pietas,
791 3299 898 3397 cujus
919 3303 1100 3382 universae
1124 3307 1196 3382 viae
1216 3303 1464 3380 misericordia
1487 3299 1529 3376 dc

264 3403 427 3488 veritas,
452 3399 635 3496 quosdam
660 3395 817 3487 fratres,
843 3403 1023 3480 divinitus
1042 3405 1257 3506 inspiratos,
1281 3405 1370 3480 illuc
1395 3401 1530 3478 direxit

266 3505 482 3604 spontaneos
497 3500 545 3574 ad
558 3498 834 3586 restaurandum
849 3503 914 3577 diu
928 3505 1092 3598 negletta
1107 3559 1117 3594 ,
1145 3505 1281 3579 scilicet
1295 3527 1358 3601 per
1379 3501 1530 3578 CCLIlI

267 3627 407 3690 annos,
435 3602 569 3696 quihus
584 3601 697 3676 etiarn
712 3603 855 3678 adhaec
882 3607 1090 3700 peragenda
1112 3605 1293 3698 benignos
1307 3605 1429 3679 fautor
1446 3603 1531 3677 ade·

266 3716 326 3778 rat
342 3699 531 3798 gloriosius
545 3704 729 3803 operando
740 3705 779 3781 in
794 3704 959 3780 minimis
975 3757 985 3792 ,
1012 3707 1075 3801 qui
1088 3707 1127 3780 in
1140 3703 1312 3779 omnibus
1327 3701 1479 3800 judiciis
1492 3702 1532 3780 dt

252 3805 438 3902 ‚operibus
455 3803 525 3880 suis
551 3808 686 3902 legitur
711 3803 749 3882 dt
766 3819 911 3882 tenetur
935 3806 1126 3884 mirabilis.
1178 3802 1358 3882 Piilsrmus
1372 3827 1535 3902 namque-

268 3919 373 4010 pater
385 3902 423 3981 dt
439 3905 555 4002 pastor
561 3907 678 3988 noster
693 3909 866 3985 dominus
881 3909 1089 3996 Udalricus,
1104 3907 1214 3984 sacrae
1229 3906 1416 4005 religionis
1429 3927 1532 3984 ama·

269 4021 348 4103 tor,
369 4008 486 4088 anno
510 4023 730 4136 propagator
749 4010 982 4194 praecipuus,
1009 4010 1145 4092 auditis
1159 4031 1289 4090 eorum
1304 4008 1536 4196 votgpfillipen·

722 4129 725 4134 ’
906 4135 978 4198 aa
1462 4133 1486 4195 a
