4000 5417
448 465 451 470 -
489 409 594 490 Suc.
619 407 692 486 XII
717 405 962 486 Cuunnno
987 405 1041 484 ΙΙΙ
1066 421 1215 481 anns.
1250 384 1285 520 '³
1429 417 1508 509 247

237 719 441 806 aruerat,
468 712 598 790 Bobbo
613 733 738 787 comes
753 711 791 788 dt
806 711 919 786 irater
934 708 1016 808 ejus
1039 709 1284 796 Bertholdus,
1310 708 1508 784 Cumadus

235 822 362 920 Sporo.
416 815 611 893 Cunradus
633 814 692 888 dei
709 813 829 908 gratia
853 815 1023 890 Romano
1119 835 1185 887 rex
1209 809 1397 885 secundus.
1448 811 1507 888 Si-

237 945 354 1018 gnum
370 917 510 995 domini
537 915 698 992 Cunradi
725 915 980 990 Romanorum
1002 935 1068 1010 reg
1115 912 1273 988 secundi.
1326 911 1409 1008 Ego
1430 911 1505 989 Ar·

236 1024 372 1100 noldus
394 1017 636 1094 cancellarius
659 1016 738 1092 vice
764 1007 929 1092 Heinrici
955 1015 1163 1112 Mogontini
1183 1012 1441 1112 archiepiscopi
1464 1012 1504 1090 dt
1627 1019 1631 1026 ’

238 1117 553 1198 archicancellarii
580 1118 788 1213 recognovi.
840 1117 981 1192 Datum
1008 1119 1059 1195 Ill
1088 1117 1268 1192 kalendas
1294 1116 1501 1204 Februarii,
1539 1143 1593 1208 30·
1606 1127 1678 1203 122

168 1239 173 1247 '
237 1248 335 1300 anno
360 1222 564 1298 Dominicae
579 1219 852 1294 incarnationis
877 1219 1100 1324 mcxlvll,
1126 1231 1303 1315 regnante
1327 1218 1503 1294 Conrado
1557 1233 1653 1301 1147·

237 1327 493 1404 Romanorum
508 1343 592 1418 rege
608 1320 780 1407 secundo,
805 1342 904 1396 ¹anno
918 1321 1023 1418 regni
1037 1319 1117 1419 ejus
1131 1345 1238 1398 nono.
1272 1317 1505 1404 Asiuml'ul·

236 1427 303 1501 dar
319 1427 357 1502 in
383 1424 525 1503 Christo
541 1423 698 1500 feliciter
711 1444 833 1499 amen.

239 1633 419 1802 Nec*
447 1622 583 1722 multo
611 1625 701 1741 post
728 1585 924 1712 Cuurado
960 1555 1062 1738 rege
1095 1621 1504 1713 Hierosolimitanam
1557 1615 1688 1713 ‘Dedit

355 1738 669 1852 expeditionem
685 1765 737 1851 ag
767 1732 897 1840 reffo,
926 1736 1189 1824 Folcnandus
1208 1739 1335 1821 abbas
1353 1738 1406 1820 ad
1421 1737 1504 1822 Re·
1561 1729 1686 1800 &²¹¹0st

238 1879 377 1938 mene
408 1845 629 1934 concilium
656 1853 707 1935 ab
736 1763 929 1964 iugenio
957 1873 1066 1963 papa
1095 1871 1325 1945 evocatus,
1353 1846 1433 1928 hoc
1452 1850 1505 1933 ab

239 1993 292 2047 eo
307 1960 572 2076 privilegium
589 1964 792 2063 obtinuit,
819 1983 913 2048 tum
930 1960 981 2045 de
1003 1957 1182 2046 ecclesrae
1202 1953 1287 2048 suae
1302 1954 1506 2061 libertate,

238 2094 333 2160 tum
356 2073 408 2160 de
437 2067 589 2188 regalis
618 2075 851 2161 concambii
878 2069 1109 2161 stabilitate.
1188 2168 1191 2172 ,

460 2519 465 2532 ,
520 2417 786 2534 Priuilegium
814 2423 845 2482 'i
860 2289 1051 2532 CELAEM
1066 2444 1219 2533 pupae.

236 2593 476 2724 Euonnrus
510 2585 719 2705 episcopus,
745 2585 869 2664 servus
905 2585 1092 2662 servorum
1118 2583 1215 2672 Dei,
1248 2580 1390 2701 disertis
1422 2579 1509 2658 filiis
1539 2591 1689 2668 *omnic

315 2686 527 2762 Folcnando
553 2689 678 2764 abban
705 2687 1072 2765 Laureshammensrs
1093 2683 1327 2773 monastenr,
1352 2701 1508 2781 ejusque

84 2837 86 2840 -
237 2787 415 2862 fratribus
446 2801 526 2860 tarn
552 2790 789 2882 praesentibus
814 2813 927 2886 quam
959 2789 1120 2876 futuris,
1154 2789 1362 2884 regularem
1388 2787 1510 2862 vitam

239 2883 400 2981 proseffis
413 2885 451 2954 in
477 2901 706 2976 perpetuum.
760 2889 980 2985 Apostolicae
996 2891 1108 2975 sedis,
1134 2889 1194 2962 cui
1208 2889 1334 2964 divina
1355 2888 1508 2984 permit·

241 2996 342 3058 tente
365 2980 486 3078 gratia
511 2981 764 3078 praesrdemus,
789 2987 1004 3063 austoritate
1018 2989 1212 3086 debitoque
1232 2989 1506 3087 compellimur,

267 3107 307 3158 ro
321 3080 573 3159 universarum
586 3084 819 3162 ecclesrarum
834 3087 928 3164 statu
942 3089 1105 3187 satagere
1120 3145 1131 3180 ,
1156 3089 1197 3167 dr
1211 3104 1255 3166 ut
1269 3090 1419 3186 religiosi
1434 3089 1507 3166 viri

237 3111 311 3262 iter
327 3185 472 3262 servitio
487 3183 637 3258 liberius
662 3185 816 3263 insistere
837 3192 1012 3281 valeant,
1038 3215 1167 3266 eorum
1181 3192 1296 3290 quieti
1318 3192 1508 3268 salubriter

241 3289 444 3388 providere.
498 3283 704 3376 Quocirca,
730 3287 849 3364 dilesli
869 3293 908 3366 in
942 3292 1101 3368 Domino
1121 3291 1213 3380 filii,
1247 3293 1373 3376 vestris
1402 3291 1507 3388 justis

191 3481 194 3485 η
241 3387 539 3488 postulationibus
572 3388 772 3462 clementer
798 3392 1021 3482 annuimus,
1053 3393 1093 3471 δι
1112 3393 1322 3491 -praefatum
1348 3395 1508 3467 Laures·

240 3489 453 3565 hammense
468 3487 727 3564 monasterium
742 3489 806 3563 sub
827 3489 925 3566 beati
953 3493 1048 3568 Petri
1064 3547 1074 3581 ,
1100 3492 1139 3568 dr
1153 3494 1272 3569 nostra
1287 3493 1508 3592 protestione

241 3591 478 3687 suscipimus,
502 3588 742 3689 &praesentis
759 3589 824 3664 scri
850 3593 878 3666 ti
895 3593 1085 3690 privilegio
1110 3595 1410 3679 communimus,
1436 3591 1508 3668 sta-

241 3701 413 3777 tuentes,
442 3705 483 3766 ut
496 3713 732 3788 quascunque
754 3715 801 3789 po
828 3691 998 3780 essiones,
1025 3715 1255 3790 quaecunque
1269 3695 1366 3768 bona
1380 3693 1417 3766 in
1432 3707 1506 3769 ter·

240 3789 292 3864 ris
315 3792 424 3865 cultis
449 3793 506 3867 vel
542 3794 711 3882 incultis,
738 3794 878 3882 vineis,
904 3794 1046 3892 pratis,
1073 3793 1308 3882 nemoribus,
1335 3795 1506 3892 pascuis,
1585 3848 1590 3856 .
1748 3853 1754 3866 .

240 3891 379 3988 aquis,
405 3893 648 3983 molendinis,
674 3895 855 3984 castellis,
883 3897 1009 3985 villis,
1035 3895 1200 3983 colonis,
1232 3896 1412 3986 decimis,
1444 3897 1505 3976 seu

238 3989 464 4074 alibeadem
485 3994 740 4095 ecclesrajuste
753 3997 792 4077 δι
805 3999 980 4080 canonice
1000 3998 1150 4101 possidet
1161 4051 1174 4091 ,
1200 3999 1318 4078 autin
1334 4001 1504 4082 futurum
1544 4006 1547 4010 ’

1219 4149 1227 4172 ι
1366 4125 1455 4184 con-
1647 4113 1665 4139 ·
