4000 5417
427 506 431 513 ἡ
519 372 631 512 sne..
652 390 711 470 IX
737 392 981 483 Annorro
1008 416 1114 473 rnre.
1382 370 1445 499 'oq

183 699 475 785 &inconfrattm
501 694 590 772 licut
605 695 712 796 supra
726 710 975 797 praenotatum
986 696 1055 786 est,
1070 683 1274 800 perstiterit,
1298 720 1361 775 res
1368 723 1449 777 om-

181 826 260 890 nes,
287 824 385 899 quas
404 798 555 886 tradidi,
569 800 628 873 vel
644 808 738 895 quas
753 822 774 875 e
787 812 918 875 contra
942 822 1008 897 per
1024 814 1167 878 mutuae
1182 803 1448 899 complacitati-

182 904 261 979 onis
294 902 499 1001 precariam
521 900 666 998 recepi,
694 898 837 996 adjam
864 900 958 999 saepe
972 900 1111 977 ditium
1134 904 1346 980 coenobium
1361 927 1448 981 cum

50 1050 51 1055 Ν
179 1004 282 1077 orrmi
308 1003 518 1099 integritate
539 1002 717 1089 redeant,
742 999 904 1095 injus&
918 1003 957 1077 in
981 1019 1201 1102 perpetuum
1216 1006 1447 1095 dominium,

154 1181 156 1186 ,
179 1126 223 1177 eo
239 1118 367 1180 tamen
382 1119 525 1191 tenore,
551 1101 591 1178 dt
606 1124 653 1177 ex
670 1101 731 1177 his
754 1103 887 1190 rebus,
914 1125 1008 1199 quas
1022 1128 1087 1203 per
1100 1106 1304 1205 imperialis
1328 1109 1446 1182 moni·

179 1207 297 1281 menti
311 1218 537 1304 praeceptum
553 1204 749 1301 acquisivi,
774 1202 813 1279 dc
828 1205 875 1279 ad
890 1202 1051 1281 sanstum
1065 1208 1269 1284 Nazarium
1283 1207 1446 1285 devotis·

178 1305 266 1381 sime
282 1307 439 1395 tradidi,
466 1318 594 1404 quater
615 1305 654 1381 in
667 1328 766 1380 anno
790 1327 885 1381 meae
898 1306 1127 1405 depositionis
1152 1308 1445 1386 anniversarium
1508 1352 1516 1362 ·

179 1406 277 1482 diem
293 1409 448 1483 restores
471 1404 638 1503 ejusdem
660 1407 751 1482 sacri
773 1406 843 1481 loci
858 1408 1171 1504 plenacharitate
1190 1434 1277 1487 cum
1303 1411 1445 1487 cunstIs

179 1506 353 1584 fratribus
373 1511 412 1585 in
427 1508 509 1585 cibo
534 1507 573 1584 δι
586 1522 677 1607 potu
693 1508 975 1596 concelebrent,
1001 1534 1197 1609 meamque
1212 1528 1443 1599 commemo·
1518 1574 1527 1581 .

178 1609 359 1685 rationem
375 1611 415 1693 in
428 1611 576 1686 illorum
594 1609 702 1687 sacris
715 1610 941 1685 orationibus
955 1610 993 1684 in
1007 1612 1157 1687 ecclesra
1168 1612 1323 1690 fideliter
1337 1634 1441 1691 ener—
1458 1620 1471 1643 ·

177 1732 262 1787 cere
276 1711 460 1799 studeant,
474 1710 513 1786 id
527 1709 596 1797 est,
612 1712 660 1785 'in
675 1710 748 1789 VII
759 1712 844 1785 idus
860 1705 1038 1804 Augusti,
1061 1712 1176 1803 millae
1190 1713 1318 1789 sanstae
1326 1712 1443 1793 affra

178 1813 376 1908 martyris,
401 1812 440 1888 dt
454 1814 492 1885 in
516 1812 640 1890 XVIII
655 1811 836 1887 kalendas
857 1810 1084 1907 SeptembrIs
1097 1811 1343 1909 assumptionis
1365 1813 1444 1889 san·

177 1912 249 1989 aae
275 1914 406 1989 Mariae
418 1912 597 2006 virginis,
621 1910 660 1988 dt
674 1914 713 1986 in
729 1910 820 1990 VIII
841 1912 926 1985 idus
950 1910 1176 2010 Septembris
1208 1912 1447 1988 solemnitatIs

180 2012 296 2113 santii
322 2014 450 2108 Magni
474 2010 679 2088 confessoris
706 2011 867 2099 Christi,
891 2009 931 2087 dr
953 2010 990 2086 in
1014 2013 1086 2111 ipso
1112 2012 1351 2087 anniversarii
1374 2014 1450 2088 mei

176 2112 267 2199 die,
294 2112 439 2211 insuper
452 2114 567 2189 etiam
588 2138 661 2189 uno
676 2110 887 2213 interposito
901 2136 1011 2201 anno,
1024 2113 1063 2187 id
1076 2110 1146 2201 est,
1172 2136 1270 2188 anno
1282 2114 1447 2203 secundo,

175 2214 356 2313 pellitiae,
383 2213 607 2311 &deinceps
621 2214 758 2289 iterum
776 2238 849 2287 uno
864 2237 961 2287 anno
980 2210 1189 2311 interpofito
1202 2237 1340 2312 cappae,
1355 2212 1446 2289 cun·

178 2314 242 2389 stis
258 2312 433 2391 fratribus
454 2314 594 2389 ibidem
619 2314 700 2389 Deo
722 2314 1017 2401 famulantibus,
1041 2314 1144 2387 omni
1166 2314 1349 2388 occasione
1381 2340 1445 2389 ex-

179 2413 378 2491 cusationis
392 2412 599 2513 postposita,
625 2440 672 2491 ex
689 2414 845 2514 praefato
861 2416 961 2502 Ioco,
977 2415 1041 2511 qui
1055 2414 1193 2490 dicitur
1215 2415 1445 2505 Kombreia,

177 2538 294 2614 usque
309 2517 399 2591 dum
413 2516 570 2615 praesens
583 2517 761 2593 saeculum
775 2516 823 2591 de
846 2516 940 2591 hora
954 2515 993 2591 in
1017 2516 1149 2591 horam
1163 2513 1202 2591 dt
1226 2516 1273 2590 de
1286 2516 1390 2593 noste
1403 2516 1444 2593 in

179 2619 334 2705 nostem,
347 2616 388 2695 dt
401 2618 446 2691 de
455 2618 512 2693 die
527 2619 565 2693 ln
581 2619 700 2708 diem,
727 2616 828 2695 &de
849 2640 946 2694 anno
961 2618 1000 2693 in
1015 2640 1155 2693 annum
1168 2614 1380 2716 perstiterit,
1396 2617 1444 2694 ob

176 2742 304 2795 meam
319 2720 704 2795 commemorationem
724 2718 949 2795 devotilsrme
963 2718 1235 2819 praesententur,
1255 2718 1445 2797 ecclesiola

147 2874 150 2880 ,
177 2840 292 2905 vero,
318 2840 433 2911 quam
446 2818 485 2909 in
500 2819 628 2891 eadem
640 2821 959 2917 complacitatione
983 2821 1095 2897 causa
1113 2820 1374 2898 familiaritatis
1392 2820 1445 2899 in·

177 2920 238 2996 fra
260 2916 402 2993 ditium
430 2916 557 3007 locum
578 2936 656 2990 rece
683 2919 721 3003 i,
746 2919 792 2991 de
813 2922 949 2995 eodem
957 2920 1193 3020 suprascripto
1207 2923 1307 3011 loeo,
1331 2942 1447 3019 quem

178 3017 343 3105 tradidI,
370 3038 456 3091 cum
472 3016 615 3092 tettura
706 3018 911 3095 Iumbtariis
935 3022 1041 3117 digne
1056 3036 1286 3122 procuretur,
1333 3024 1445 3100 Hanc

180 3119 415 3199 traditoriam
432 3118 604 3193 chartam
617 3114 727 3211 hujus
752 3122 1080 3220 complacitationis
1099 3121 1275 3224 episcopis
1295 3124 1334 3202 dt
1350 3124 1447 3199 mul·

180 3226 230 3301 tis
251 3220 450 3297 comitibus
464 3218 504 3295 dr
522 3217 845 3317 innumerabilibus
866 3224 955 3299 viris
981 3222 1175 3300 scientibus
1188 3225 1228 3302 dt
1239 3224 1450 3301 videntibus

179 3327 220 3402 in
234 3338 458 3424 perpetuum
475 3318 747 3393 monitnentum
759 3320 924 3419 fierijulsr
940 3326 1138 3423 ,quatinus
1150 3327 1253 3400 nulla
1267 3344 1449 3421 umquam

182 3426 338 3527 persona
363 3444 449 3497 eam
462 3418 673 3519 praesumat
697 3419 890 3517 infringere
911 3426 971 3500 vel
992 3426 1158 3511 violare,
1181 3424 1240 3500 sed
1254 3439 1451 3501 utaeterna

183 3528 384 3605 stabilitate
409 3520 556 3597 firmata
577 3537 820 3621 permaneat3
847 3524 884 3599 bt
907 3524 1030 3619 siquis
1045 3548 1129 3599 eam
1142 3524 1339 3623 irrumpere
1355 3539 1449 3599 tem·

184 3626 378 3728 ptaverit,
402 3636 469 3698 aut
481 3624 540 3699 his
572 3624 750 3699 fratribus
772 3624 911 3719 aliquid
935 3648 983 3698 ex
998 3625 1073 3699 iIIIs
1093 3624 1208 3711 Iocis,
1233 3648 1316 3721 quae
1335 3625 1451 3701 anuo

170 3726 355 3807 ¹Nazario
368 3722 526 3814 tradidi,
554 3723 645 3800 srcut
671 3718 968 3825 suprascriptione
987 3726 1043 3800 eis
1074 3726 1349 3823 complacitavi,
1372 3725 1452 3804 sub·

185 3830 343 3908 trahere
368 3840 521 3903 conatus
539 3826 674 3916 fuerit,
700 3829 761 3903 vel
787 3827 899 3903 alicui
930 3826 1260 3917 mbeneliciaverit,
1285 3840 1369 3905 ante
1391 3827 1454 3903 tri·

188 3930 308 4013 btmal
323 3929 503 4007 tremendi
514 3930 696 4009 caminis
711 3928 921 4112 tenibiister
932 3930 1174 4021 criminatam,
1198 3931 1278 4009 Deo
1292 3930 1455 4047 omnipo·

254 4068 259 4075 ·
685 4056 687 4063 “
729 4079 737 4099 =
877 4055 902 4111 2
1301 4047 1403 4121 tenu,
