4000 5417
477 437 586 518 Sne.
615 431 670 512 XI
696 433 967 514 Hermarco
991 437 1046 517 IV
1070 459 1180 516 rna.
1411 405 1488 543 aoo

221 749 352 848 signiri.
407 746 458 822 Et
483 754 528 819 ut
552 741 715 844 posteris,
741 739 869 818 nostris
884 741 1079 832 fidelibus,
1105 744 1248 847 firmius
1270 742 1309 820 dr
1325 741 1489 824 stabilius

220 855 422 936 videatur,
454 845 595 921 domini
627 843 736 921 nostri
762 845 968 922 Hermum
996 847 1230 945 imperatoris
1249 847 1489 926 clementiam

221 951 502 1054 imploravimus
515 968 595 1034 „ut
610 948 647 1023 in
669 947 913 1024 delenlionern
938 949 1113 1048 potentiae
1135 951 1211 1028 suae
1235 947 1393 1024 eandem
1413 950 1490 1025 oel-

221 1058 299 1132 lam
316 1053 522 1151 susciperet,
537 1049 575 1128 dr
590 1050 731 1138 onmia,
756 1052 913 1147 quaevel
927 1075 951 1127 a
965 1051 1070 1126 nobis
1090 1050 1252 1128 concello
1268 1052 1328 1126 vel
1341 1049 1488 1150 adepta,

220 1157 293 1236 srve
309 1155 355 1232 ab
372 1155 456 1230 aliis
469 1151 638 1244 fidelibus
655 1151 902 1248 acquirenda,
929 1150 1088 1250 fingulas
1111 1153 1329 1232 donationes
1354 1154 1394 1228 in
1414 1153 1488 1230 suis

220 1261 311 1336 locis
326 1267 546 1358 praenotatas
558 1253 705 1355 propria
729 1275 868 1342 manu,
894 1257 1069 1353 regnique
1086 1257 1208 1333 banno
1220 1256 1260 1334 dr
1275 1253 1381 1353 figilli
1406 1252 1487 1350 ejus

221 1361 425 1439 munitione
437 1379 563 1434 coram
573 1354 800 1533 principibus
814 1355 1055 1434 confirmaret.
1106 1359 1241 1458 Siquis
1259 1373 1386 1434 autem
1401 1357 1486 1434 haec

222 1461 472 1548 annichilare,
498 1460 559 1536 vel

222 1567 315 1653 erit,
340 1564 433 1640 iram
449 1561 518 1636 Dei
532 1560 571 1636 δι
583 1561 751 1635 omnium
765 1558 966 1637 sanctorum
981 1561 1016 1636 ie
1029 1561 1166 1637 habere
1180 1562 1280 1641 iciat.
1306 1562 1378 1638 Pro
1391 1585 1487 1662 prae-
1515 1571 1519 1577 ’

222 1667 427 1766 sumptione
447 1679 572 1738 autem
598 1661 720 1736 delicti
744 1659 957 1760 imperando
982 1660 1252 1757 dijudicamus,
1277 1662 1367 1740 utli
1392 1665 1486 1741 liber

221 1767 290 1857 est,
316 1793 341 1842 x
358 1767 515 1852 talenta,
541 1761 845 1848 liministerialis‚
870 1787 894 1838 v
928 1765 1094 1849 talenta,
1120 1764 1212 1838 liex
1234 1764 1400 1851 familia,
1427 1779 1485 1839 to·

222 1882 301 1946 tam
315 1867 550 1945 substantiam
564 1865 612 1939 ad
625 1885 813 1940 cameram
827 1861 984 1940 nostram
992 1863 1185 1961 persolvat.
1237 1864 1400 1939 Nomina
1413 1877 1487 1939 tes·

222 1973 319 2046 tium
353 1969 440 2066 haec,
455 1966 553 2042 sunt:
579 1965 625 2040 de
641 1964 836 2042 monachis
861 1966 1071 2052 Geroldus,
1096 1965 1348 2060 Berengerus,
1374 1965 1489 2039 Hart-

223 2093 409 2157 mannus,
436 2067 666 2144 Godebertus
683 2067 935 2155 ,Liebelinus,
956 2065 1235 2154 Zundeboldus‚
1260 2066 1490 2153 Tmtwinus,

222 2171 438 2248 Tietbertus.
489 2170 546 2244 De
570 2168 750 2244 militibus
775 2170 1052 2245 Bearsorrus
1078 2190 1231 2256 conas,
1257 2167 1489 2252 Gerhardus,

221 2271 406 2357 Rifridus,
432 2270 632 2357 Gnaeus,
660 2267 801 2343 Ernost.
853 2269 911 2344 De
925 2269 1164 2344 servientibus
1178 2268 1408 2355 HeribertuS,
1421 2265 1490 2343 Sa·

221 2374 433 2458 lemannus,
459 2369 690 2457 Tietericuss
705 2369 972 2458 Hildebertus,
998 2367 1200 2446 Amoldus.
1253 2369 1310 2444 De
1343 2367 1491 2444 familia

165 2511 171 2523 ·
222 2475 352 2562 willo,
378 2471 537 2559 Heimo,
561 2471 735 2546 Razecho
760 2469 800 2549 dr
825 2471 888 2546 alii
914 2493 1029 2569 quarn
1061 2472 1222 2571 plurimi.
1274 2469 1389 2546 Anno
1415 2471 1490 2546 Do·

222 2575 367 2652 minicae
384 2571 645 2650 incarnationis
671 2573 869 2670 MXCIIII,
886 2573 1079 2649 indictione
1094 2573 1146 2660 11,
1168 2567 1349 2670 regnante
1369 2571 1491 2647 *Hein-

151 2763 159 2769 ,
221 2678 297 2753 rico
312 2677 531 2776 imperatore
557 2675 641 2752 lunt
661 2673 745 2754 haec
781 2675 885 2765 atta,
910 2673 950 2752 dc
968 2675 1009 2752 in
1031 2689 1158 2752 monte
1182 2672 1390 2752 Atrinum
1404 2697 1493 2749 con·

223 2777 357 2878 scripta
370 2777 524 2853 feliciter
548 2797 670 2852 amen.

226 2963 327 3135 Ut
343 2961 364 3012 '¹
380 2975 524 3043 autem
549 2955 748 3042 defiderio
774 2953 848 3045 suo
873 2963 981 3046 circa
1000 2961 1180 3049 eundem
1203 2959 1343 3048 locum
1371 2963 1494 3049 robu-

336 3069 433 3156 stior
460 3063 677 3152 accederet
700 3067 909 3176 efficacia,
935 3073 1133 3189 praefatas
1160 3073 1406 3162 donationes
1436 3077 1494 3208 ip

227 3185 390 3385 fiasque
419 3178 499 3266 ioci
526 3177 677 3263 starum
713 3181 960 3274 audioritate
998 3187 1188 3275 Heinrici
1227 3191 1494 3305 imperatoris

226 3325 306 3383 con
322 3296 518 3396 rrmavit,
546 3315 644 3408 quae
662 3288 767 3382 talis
785 3297 854 3386 erl.

749 3505 981 3610 CXXXV.

653 3751 779 3857 roris,
807 3763 853 3840 ut
870 3747 1069 3871 sequitur.

585 1458 717 1534 ibimet
738 1457 936 1554 quicquam
954 1459 1125 1559 usmpare
1152 1463 1214 1538 vel
1227 1460 1346 1537 minui
1360 1459 1485 1536 studu-
1538 1457 1543 1465 ’

1549 2567 1644 2636 1094-

1534 2975 1554 3020 ⁸
1567 2973 1680 3042 onrllt

1528 3061 1681 3129 Freherus

1559 3149 1643 3234 seqq.
1767 3206 1770 3211 ,

86 3757 90 3762 1
230 3637 486 3748 Confirmatio
511 3637 829 3753 praecedentium
853 3631 1095 3726 ouiiorirotr
1122 3633 1306 3726 lleinrici
1328 3636 1497 3750 impera·
1614 3651 1622 3666 ’

228 3925 281 4058 In
296 3913 443 3991 nomine
461 3915 588 3996 sanstae
604 3916 643 3996 δι
658 3917 859 3997 individuae
884 3916 1084 3994 Trinitatis.
1138 3915 1377 3994 Hemrucus
1403 3913 1498 3992 divi·
1654 3893 1664 3910 ’

280 4041 330 4102 aa
343 4017 491 4102 favente
505 4023 702 4101 clementia
723 4023 979 4201 Romanolquqr
993 4019 1194 4123 imperator
1209 4015 1499 4202 augustustsslo·
