4000 5417
584 519 632 599 33
934 498 1118 579 Cenon.
1146 522 1200 576 er
1225 499 1441 615 Cas-amu
1571 515 1576 555 1

583 660 1862 714 τ··----··--·--··--·-·-·-·-··-··-·-····-·-·
1985 651 1986 700 3

583 806 666 880 loca
680 806 741 880 vel
767 823 876 901 agros
898 803 959 878 seu
981 803 1146 900 reliquas
1179 792 1400 905 possessiones
1427 802 1589 902 praedidi
1621 805 1853 897 monasterii,

584 928 679 1005 quas
695 906 870 981 moderno
885 920 1050 1007 tempore
1065 906 1104 979 in
1129 906 1353 1003 quibuslibet
1373 906 1479 1005 pagis
1503 908 1564 981 vel
1580 908 1772 983 territoriis
1796 910 1851 984 in-

584 1008 642 1084 fra
657 1008 832 1083 ditionem
855 1007 997 1106 imperii
1018 1006 1127 1081 nostri
1143 1006 1237 1103 juste
1252 1006 1291 1083 dt
1306 1008 1475 1103 legaliter
1488 1006 1661 1107 pollidet‚
1688 1012 1749 1085 vel
1765 1032 1851 1105 quae

585 1110 755 1209 deinceps
778 1132 799 1185 a
825 1110 1016 1185 catholicis
1030 1110 1120 1183 viris
1140 1108 1262 1182 eidem
1282 1112 1428 1187 collatae
1453 1110 1591 1184 suerint
1615 1110 1851 1198 monasterio,

587 1212 636 1286 ad
649 1211 779 1285 causas
793 1212 994 1287 audiendas
1009 1212 1069 1286 vel
1086 1210 1190 1285 freda
1206 1225 1272 1286 aut
1286 1211 1424 1285 tributa
1438 1210 1643 1307 exigenda,
1666 1226 1734 1287 aut
1745 1235 1851 1287 man·

583 1311 718 1399 hones,
745 1326 812 1389 aut
825 1326 973 1413 paratas
994 1312 1202 1400 faciendas,
1229 1325 1295 1387 aut
1309 1310 1530 1408 fidejullores
1551 1313 1758 1401 tollendos,
1787 1325 1852 1388 aut

582 1412 755 1489 homines
774 1415 882 1513 ipsius
908 1412 1116 1489 monasterii
1137 1428 1217 1489 tam
1243 1415 1447 1516 ingenuos,
1473 1436 1589 1512 quam
1610 1414 1731 1489 servos
1746 1414 1851 1513 supet

455 1545 461 1553 ·
581 1530 719 1591 terram
745 1515 854 1614 ipsius
874 1528 1152 1591 commanentes
1174 1512 1304 1611 injuste
1323 1514 1620 1612 distringendos,
1646 1539 1715 1589 nec
1749 1516 1861 1590 ullas·

586 1616 839 1709 redibitiones,
866 1617 1093 1705 autillicitas
1119 1616 1326 1714 occasiones
1347 1618 1584 1715 requirendas
1601 1614 1751 1701 nostris,
1776 1639 1850 1690 nec

582 1718 720 1817 futuris
733 1719 959 1819 temporibus
974 1718 1263 1815 ingrediaudeat
1279 1742 1289 1813 3
1316 1743 1384 1795 nec
1401 1744 1464 1808 ea,
1485 1740 1570 1817 quae
1585 1716 1691 1815 supra
1707 1738 1850 1790 memo-

582 1833 665 1895 rata
691 1819 796 1908 sunt,
829 1822 973 1919 penitus
999 1822 1147 1917 exigere
1172 1819 1400 1919 praesumat3
1427 1820 1490 1896 sed
1510 1821 1618 1896 liceat
1642 1832 1850 1893 memorato

586 1920 709 1998 abbati
724 1920 869 2019 suisque
886 1920 1140 1997 successoribus
1155 1945 1214 1996 res
1228 1923 1388 2021 praedidi
1405 1922 1614 1998 monasterii
1635 1921 1699 1997 sub
1712 1922 1848 1995 immu-

583 2024 710 2100 nitatis
724 2022 854 2101 nostrae
869 2022 1074 2098 desenfione
1087 2024 1213 2121 quieto
1228 2024 1354 2099 ordine
1369 2024 1553 2124 possidere.
1585 2023 1768 2120 Quicquid
1781 2022 1848 2097 eti·

584 2148 648 2201 am
669 2124 801 2201 exinde
812 2122 874 2222 Jus
888 2124 964 2199 fisci
983 2126 1132 2221 exigere
1146 2138 1317 2225 poterat,
1344 2126 1381 2201 in
1403 2127 1589 2223 integrum
1609 2126 1730 2200 eidem
1763 2146 1848 2199 oon-

584 2226 749 2303 cellimus
776 2228 1019 2314 monasterio,
1044 2228 1204 2316 scilicet,
1228 2229 1325 2303 utin
1341 2228 1556 2304 alimoniam
1580 2246 1785 2323 pauperum
1809 2224 1849 2301 dr

582 2326 761 2424 stipendia
787 2328 1055 2403 monachorum
1069 2330 1207 2404 ibidem
1233 2331 1313 2405 Deo
1338 2328 1601 2403 farnulantium
1627 2326 1848 2422 perennibus

451 2424 459 2444 '
584 2428 813 2525 temporibus
830 2428 996 2527 proficiat
1011 2430 1049 2503 in
1064 2430 1286 2526 augmentis.
1315 2432 1364 2505 Et
1377 2430 1525 2525 quando
1546 2426 1698 2523 quidem
1721 2425 1849 2501 divina

585 2530 779 2605 vocatione
812 2528 1037 2629 supradistus
1061 2533 1177 2607 abbas
1200 2534 1260 2609 vel
1276 2530 1487 2605 successores
1513 2528 1593 2624 ejus
1607 2527 1653 2601 de
1670 2526 1744 2602 hac
1766 2528 1848 2603 luce

584 2630 845 2725 migraverint,
872 2632 1051 2728 quamdiu
1065 2632 1128 2732 ipsa
1142 2632 1314 2707 monachi
1330 2631 1424 2706 tales
1439 2631 1535 2705 inter
1550 2629 1584 2704 se
1603 2630 1770 2706 invenire
1786 2654 1848 2729 po-

585 2730 748 2819 tuerint,
774 2734 837 2831 qui
853 2732 968 2832 ipsam
988 2734 1311 2832 congregationem
1328 2731 1528 2808 secundum
1553 2734 1724 2829 regulam
1741 2731 1849 2807 sandi

584 2834 773 2910 Benedisli
798 2857 924 2931 regere
946 2838 1121 2923 valeant,
1145 2834 1319 2934 perhanc
1342 2832 1506 2911 nostram
1531 2834 1787 2910 audorimtem
1812 2831 1850 2909 dt

585 2934 811 3027 consensum,
826 2936 964 3014 sicut&
979 2938 1034 3012 eis
1059 2935 1296 3015 Dominus&
1316 2938 1460 3032 genitor
1472 2935 1592 3011 noster
1606 2935 1775 3011 concessit
1788 2955 1850 3034 per

585 3036 688 3111 suam
706 3038 985 3127 audoritatem,
1010 3038 1198 3114 licentiam
1211 3040 1374 3115 habeant
1397 3038 1555 3133 eligendi
1572 3038 1743 3123 abbates,
1758 3058 1850 3132 qua-

583 3139 684 3213 tinus
698 3139 782 3238 ipsrs
796 3140 906 3218 servis
923 3140 1010 3229 Dei,
1035 3141 1101 3238 qui
1117 3141 1253 3215 ibidem
1279 3142 1359 3215 Deo
1373 3138 1627 3224 famulantur,
1652 3136 1691 3211 dt
1706 3158 1773 3234 pro
1788 3161 1851 3211 eo

582 3241 668 3315 dem
691 3240 854 3337 genitore
879 3240 1058 3319 nostro&
1080 3264 1146 3340 pro
1161 3243 1268 3318 nobis
1282 3241 1323 3319 dt
1344 3240 1496 3337 conjuge
1510 3239 1682 3338 proleque
1708 3236 1850 3326 nostra,

581 3342 621 3417 dt
635 3340 829 3419 stabilitate
842 3346 956 3419 totius
971 3344 1118 3443 imperii
1131 3342 1241 3418 nostri
1262 3343 1367 3418 nobis
1384 3366 1408 3417 a
1434 3343 1512 3417 Deo
1529 3339 1677 3425 collati,
1703 3336 1744 3414 dr
1767 3338 1849 3435 ejus

581 3443 857 3521 clementiffima
882 3445 1114 3522 miseratione
1138 3468 1204 3544 per
1223 3445 1432 3521 inmensum
1462 3440 1724 3528 conservandi,
1747 3436 1849 3535 jugi-

579 3558 636 3619 ter
651 3546 799 3624 Domini
814 3548 1098 3623 misericordiam
1114 3568 1270 3621 exorare
1285 3546 1448 3621 delesset.
1501 3547 1553 3620 Et
1566 3557 1609 3619 ut
1626 3541 1710 3617 haec
1725 3543 1849 3615 auito·

579 3646 670 3723 ritas
687 3646 834 3737 nustria,
860 3648 1070 3749 funerisque
1084 3648 1310 3749 temporibus
1324 3647 1483 3723 Domino
1497 3657 1709 3745 protegente
1723 3645 1848 3719 valeat

579 3747 794 3825 inconuulsa
811 3750 1017 3840 consistere,
1044 3776 1160 3829 manu
1175 3750 1295 3826 nostra
1310 3750 1429 3825 subter
1440 3748 1677 3823 firmavimus
1692 3744 1732 3821 δι
1748 3744 1848 3820 anuli

362 3931 371 3945 q
577 3848 688 3925 nostri
704 3852 928 3950 impreisrone
944 3852 1077 3947 signari
1087 3852 1264 3949 julhmus.
1291 3850 1510 3927 Helisaehar
1518 3848 1724 3945 recognovi.
1752 3848 1846 3921 Data

245 4042 250 4048 ¹
456 3987 548 4057 Μ
581 3952 633 4029 ΙΙΙ
650 3952 768 4028 nonas
791 3954 958 4039 Martias,
985 3973 1082 4027 anno
1097 3952 1240 4029 Christo
1253 3953 1410 4051 propitio
1436 3951 1593 4027 secundo
1612 3947 1756 4048 imperii
1782 3947 1846 4023 do·

411 4012 507 4173 ⁵515,
583 4052 1245 4152 miniHloudowicipiiffimiAugusti,
1260 4050 1704 4136 hermembertum
1716 4048 1847 4143 Aqua-

577 4156 690 4250 grani
705 4156 844 4253 palatio
858 4156 897 4234 in
911 4156 980 4232 Dei
995 4155 1307 4235 nominefeliciter
1321 4178 1444 4235 amen.
1756 4222 1759 4225 >
1867 4194 1872 4203 ·
