4000 5417
516 496 576 552 ru
603 494 727 579 eaeo
750 474 1128 553 Lonoouunusr.
1383 478 1458 583 6'13
1526 577 1529 585 A

512 885 516 891 Α
679 755 961 866 DCCXClX·
1038 866 1043 876 .

308 902 491 998 Donatio
517 903 749 1017 Engilbrrti
773 904 827 1001 El
859 902 1065 995 Wicberti
1091 903 1133 991 in
1158 904 1333 997 Leleim.

76 1188 82 1195 .
182 1082 401 1215 Regnante
415 1072 616 1149 Ludewico
629 1074 851 1171 imperatore
867 1046 965 1145 anno
977 1072 1081 1167 regni
1097 1070 1178 1169 ejus
1201 1074 1282 1161 XII,
1299 1074 1350 1151 III
1371 1075 1455 1153 idus

268 1176 407 1263 Martii,
422 1198 492 1271 ego
507 1174 777 1272 Engilbreth&
793 1173 999 1252 Wicbertus
1015 1176 1197 1251 donamus
1211 1197 1277 1274 pro
1289 1180 1452 1254 remedio
1482 1212 1536 1279 13·
1549 1196 1644 1268 Mart,

182 1280 319 1356 animae
332 1277 464 1354 nostrae
476 1275 515 1352 δι
539 1275 922 1355 Gunzoninavunculi
935 1272 1043 1349 nostri
1057 1278 1105 1351 ad
1118 1277 1279 1353 santium
1294 1279 1341 1353 N.
1353 1302 1450 1357 mar·

180 1394 329 1475 tyrem,
356 1380 419 1476 qui
443 1378 635 1474 requiescit
655 1379 696 1453 in
717 1397 868 1475 corpore
889 1376 930 1450 in
950 1377 1166 1455 monasterio
1199 1381 1448 1471 Lauresham,

179 1483 246 1556 ubi
260 1484 317 1557 vir
330 1480 550 1556 venerabilis
569 1478 789 1575 Adalungus
803 1478 901 1552 abba
913 1478 1057 1575 praeesse
1072 1482 1235 1568 videtur,
1259 1482 1298 1556 in
1314 1482 1448 1559 Leleim
1541 1510 1544 1517 ⁴

179 1583 324 1658 mansos
335 1579 392 1677 jjjj
407 1582 446 1659 &
461 1582 592 1657 vineas
604 1582 655 1655 ad
668 1580 843 1656 carradas
855 1603 895 1664 x,
910 1578 948 1655 ὅ(
963 1580 1001 1654 in
1026 1582 1210 1655 Silrnheim
1221 1580 1357 1677 jornal.
1375 1608 1446 1674 xv,

178 1682 273 1759 &in
284 1698 288 1703 ’
301 1680 631 1783 Wolojloejumal.
650 1681 836 1776 otioginta
857 1676 943 1774 vij
966 1680 1005 1757 &
1020 1680 1196 1779 pratumj
1214 1685 1263 1757 ad
1276 1688 1448 1761 carradas

178 1780 255 1879 vjjj,
269 1782 309 1859 δι
333 1782 501 1857 mansum
517 1780 555 1878 j,
581 1783 644 1879 qui
663 1784 774 1858 rebus
806 1780 936 1857 nostris
955 1780 1168 1877 interjacet,
1202 1784 1268 1859 ubi
1285 1783 1339 1881 jjjj
1357 1786 1449 1863 servi

178 1906 330 1960 manere
350 1882 519 1982 poliunt,
545 1884 584 1961 δι
605 1885 786 1981 quidquid
804 1885 986 1959 habemus
1001 1900 1169 1982 tempore
1194 1886 1360 1983 praesenti
1381 1912 1447 1963 no-

177 1985 261 2062 strae
275 1986 508 2084 proprietatis
522 1986 562 2060 in
587 1986 678 2062 locis
693 1985 1034 2085 supranominatis,
1060 1987 1228 2085 exceptis·
1240 1989 1445 2087 mancipiis,

177 2090 523 2185 reliquumtotum,
549 2099 630 2162 tam
642 2086 797 2175 mansis,
821 2087 947 2175 terris,
973 2087 1109 2185 pratis,
1123 2088 1277 2187 pascuis,
1298 2092 1445 2188 perviis,

166 2188 295 2276 lilvis,
321 2190 457 2276 vineis,
479 2190 680 2277 domibus,
705 2187 891 2276 redificiis,
916 2190 1048 2285 aquis,
1075 2184 1303 2287 aquarumve
1317 2192 1446 2268 decur·
1526 2202 1528 2209 “

175 2290 292 2377 sibus,
319 2314 432 2388 quam
444 2314 492 2365 ex
519 2291 719 2377 omnibus,
744 2314 829 2387 quae
850 2288 1073 2385 nostrijuris
1103 2290 1212 2379 lunt,
1238 2294 1445 2393 adieprae·

175 2390 266 2467 senti
282 2391 392 2486 injus
406 2390 446 2467 δι
469 2392 677 2466 dominium
695 2391 802 2467 santii
821 2390 970 2465 Nazarii
984 2393 1185 2479 tradimus,
1200 2407 1313 2491 atque
1325 2412 1445 2471 trans·

173 2492 369 2567 fundimus
391 2492 429 2566 in
457 2490 526 2566 Dei
546 2493 696 2567 nomine
720 2492 986 2589 perpetualiter
999 2493 1049 2565 ad
1074 2492 1320 2589 poffidendum
1337 2496 1446 2595 stipu-

171 2594 310 2668 latione
342 2592 505 2668 subnixa.
557 2592 696 2668 Attum
717 2593 760 2667 in
788 2592 1014 2670 monasterio,
1032 2590 1246 2667 Laurrslom
1280 2598 1331 2671 lll
1361 2597 1446 2671 idus

173 2695 312 2772 Martii.
359 2694 521 2787 Signum
542 2694 748 2788 Engilberti
771 2692 809 2770 ὰ
835 2692 1041 2779 Wicberti,
1068 2693 1128 2790 qui
1148 2694 1244 2771 hanc
1278 2694 1445 2771 donatio-
1478 2694 1637 2779 13.1llart,

172 2816 261 2867 nem
274 2792 568 2867 fecit&firmari
582 2793 756 2885 rogarit,
781 2792 925 2887 fignum
948 2796 1163 2890 Beinungi,
1188 2796 1339 2885 Berolfi,
1364 2800 1445 2874 Me-
1567 2878 1572 2885 ,

173 2892 356 2990 giohardl
407 2890 777 2989 Altuuinusscripfit.

399 3222 581 3314 Donatio
615 3092 983 3321 Wmffiff&
1011 3222 1209 3313 Heinrici.

173 3402 278 3533 Ego
302 3390 484 3471 Wicbodo
496 3390 535 3469 δι
561 3389 756 3466 Heimrieh
772 3391 954 3468 donamus
969 3414 1034 3489 pro
1048 3390 1209 3469 remedio
1225 3391 1359 3468 animae
1375 3391 1447 3469 Su·

253 3492 502 3590 berenzonisj
529 3492 696 3569 mansum
722 3502 810 3569 eum
826 3495 925 3570 hoba
938 3492 1005 3570 sita
1030 3495 1068 3569 in
1093 3494 1283 3581 Lainheim,
1310 3494 1349 3571 &
1372 3496 1447 3571 duo

123 3626 128 3633 ·
172 3595 386 3692 mamipia,
411 3595 600 3693 Sigridum
614 3592 653 3671 δι
680 3594 959 3673 Erkenhildam,
1012 3594 1148 3673 Alium
1166 3596 1204 3670 in
1230 3595 1447 3671 monasterio

174 3693 391 3769 Loormhom
403 3698 633 3796 stipulatione
647 3696 802 3773 subnixa
810 3750 822 3785 ,
836 3698 890 3775 Xl
902 3698 1082 3775 kalendas
1098 3698 1333 3784 Decembris,
1348 3721 1447 3776 anno
1476 3714 1625 3787 21.N0v‚

174 3796 213 3872 X
226 3796 330 3892 regni
356 3798 547 3877 ludewici
560 3799 804 3898 imperatoris.
837 3801 996 3897 Signum
1012 3799 1248 3880 Wicbodonis
1263 3799 1302 3877 δι
1314 3800 1446 3875 Helm·

174 3898 261 3983 rici,
288 3899 351 3995 qui
365 3900 463 3975 hanc
476 3902 713 3982 donationem
729 3900 809 3977 fieri
822 3902 863 3981 ἅ
886 3902 1027 3986 firman
1037 3914 1277 4003 rogaverunt,
1300 3900 1446 3997 signum

176 3998 367 4099 Burgolii,
393 4002 554 4097 Udonis,
578 4004 793 4095 Weniberti.
1301 3996 1308 4017 '

659 4102 875 4236 naun,
1070 4086 1080 4095 ’
1228 4132 1461 4217 neem·
1554 4184 1564 4201 .
