4000 5417
512 372 615 450 Sec.
644 372 698 448 XI
723 369 967 450 Cunnaoo
994 376 1028 452 ΙΙ
1055 395 1204 452 naen.
1401 383 1469 478 160

203 541 550 564 W
941 541 1470 566 *enan-um

202 591 1469 618 *Νη

199 707 274 764 nec
290 706 363 793 per
382 675 532 761 ostium
557 677 715 759 intrans
733 669 829 792 ,sed
849 674 1015 763 aliunde
1034 675 1278 779 ascendens,
1305 680 1377 792 qui
1396 679 1467 768 sta·

202 795 277 876 tim
297 785 443 903 inipso
462 789 635 872 introitu
650 787 818 873 nefariae
833 791 1072 905 cupiditatis
1087 813 1212 878 ,totas
1227 788 1465 880 laxavitha·

199 905 353 1004 benas,
383 925 610 1012 notamque
629 901 866 988 ambitionis
885 901 1003 990 velut
1030 901 1105 989 sub
1123 902 1346 990 honestatis
1361 934 1464 1020 prae·

196 1038 323 1101 textu
346 1011 587 1115 colorabat,
616 1014 770 1097 minim
787 1018 831 1099 in
857 1015 1032 1102 modum
1057 1013 1387 1104 discordantibus
1405 1024 1464 1108 vi·

195 1132 296 1228 tiiS,
326 1127 438 1242 idem
458 1125 502 1211 dr
538 1155 690 1212 avarus
717 1128 761 1212 br
789 1128 998 1242 prodigus.
1055 1129 1226 1217 Primus
1264 1131 1464 1244 fiqnidem

196 1241 241 1328 &
261 1243 422 1327 utinam
439 1235 548 1324 solus
568 1302 579 1341 ,
610 1236 714 1324 alter
732 1241 821 1354 post
855 1239 1081 1328 Ezechiam
1096 1239 1321 1345 Manasses,
1350 1245 1461 1334 Lau·

196 1348 501 1438 resbamensem
518 1348 749 1454 ecclesiam,
769 1349 881 1436 islam
909 1357 1092 1468 inquam,
1107 1353 1234 1442 filiam
1263 1355 1387 1458 Sion,
1404 1361 1463 1444 in·

198 1463 341 1551 clitam
367 1466 411 1551 bc
429 1462 629 1550 amissam
645 1495 768 1565 aur0,
825 1469 930 1551 rimo
947 1467 1185 1581 profanavit
1203 1531 1214 1570 ,
1243 1468 1460 1585 expilavit,

169 1583 177 1591 ’
198 1577 462 1704 profligavit,
493 1599 620 1690 atque
642 1574 710 1662 illo
737 1493 864 1662 nobili
881 1581 925 1665 bt
945 1579 1115 1691 augusto
1141 1605 1290 1667 ornatu
1310 1584 1353 1670 bt
1371 1584 1459 1670 the·

196 1691 349 1792 saum,
379 1717 545 1802 regum,
575 1693 907 1804 imperatorum,
944 1691 1029 1776 Dei
1064 1687 1248 1775 fidelium
1271 1693 1315 1778 ἃ
1349 1718 1459 1780 ante·

196 1802 400 1888 cessbrum
417 1802 586 1887 suorum
606 1801 868 1889 ferventibus
886 1800 1027 1886 studiis
1045 1801 1282 1913 amplissime
1300 1801 1463 1906 collato,

195 1910 395 2028 subrepto
413 1942 488 2028 per
505 1913 642 2015 hunc,
670 1918 758 1999 imo
784 1910 951 2030 prorsus
970 1912 1153 2025 direpto,
1179 1941 1350 1999 manum
1366 1943 1466 2063 guo·

197 2053 283 2140 que
299 2022 413 2110 suam
431 2029 536 2112 misit
551 2027 652 2111 foris
669 2026 722 2110 ad
752 2029 895 2111 omnia
912 2023 1191 2109 defiderabilia
1208 2027 1308 2134 ejus.
1350 2026 1467 2116 bam

195 2140 388 2250 cognatis
403 2135 514 2240 suis,
544 2168 651 2249 quos
670 2140 741 2223 fibi
769 2142 914 2251 potius
928 2133 1137 2222 saecularis
1154 2135 1279 2222 fastus
1297 2198 1309 2238 ,
1338 2166 1467 2248 quam

192 2273 357 2334 naturae
376 2255 631 2362 germanitas
647 2250 901 2337 devinxerat
920 2309 931 2349 ‚
959 2248 1004 2334 ὅ(
1023 2276 1207 2374 quorum
1233 2250 1393 2334 ambitu
1410 2249 1464 2335 ad

193 2359 299 2444 hanc
317 2363 561 2558 dignitatem
587 2358 843 2476 aspiraverat
861 2423 873 2462 ,
903 2359 1097 2474 exposuit
1126 2390 1195 2445 res
1211 2359 1389 2446 ecclesiae
1405 2361 1464 2446 di·

192 2473 354 2558 straben
382 2503 427 2559 as
444 2499 571 2587 atque
586 2476 824 2590 prostituit,
855 2475 900 2561 ὃ(
919 2502 1016 2586 quae
1032 2472 1103 2588 ipsi
1126 2471 1462 2558 monasteriofra·
1562 2479 1566 2484 ’
1654 2503 1660 2512 ·

194 2607 392 2698 trumque
419 2586 508 2674 usui
536 2588 743 2702 stipendiis
775 2618 830 2674 ue
858 2584 1123 2686 serviebant,
1159 2583 1233 2671 sub
1272 2585 1458 2671 beneficii
1528 2617 1532 2624 ·

190 2702 362 2782 nomine
399 2699 626 2800 distribuit,
667 2615 866 2787 vindicet
902 2694 1149 2810 Hogrnbeim
1179 2761 1190 2798 ,
1217 2697 1453 2808 Crustillam,

192 2811 440 2914 Gaunouno,
468 2807 720 2908 Ludenbacb,
750 2807 1029 3010 Sabssrnhrim,
1058 2810 1335 2921 Burviselden,
1363 2810 1460 2898 Hei·

192 2915 377 3017 debacb,
405 2919 547 3002 vineas
576 2944 743 3114 guoque
761 2924 803 3002 in
876 2921 1097 3033 obffrnbrim
1124 2922 1341 3010 uberes&
1369 2951 1459 3038 per·

191 3057 327 3146 quam
356 3031 566 3144 optimas,
610 3027 844 3118 acrosantto
873 3030 1014 3120 altaris
1036 3035 1258 3121 ministerio
1285 3037 1459 3149 antiqui·

93 3179 98 3194 ·
192 3167 267 3230 tus
283 3141 507 3228 dedicatas
559 3142 630 3228 Ad
645 3163 884 3231 extremum
899 3173 1126 3262 purpuram
1140 3147 1461 3262 pretiofissrmam

194 3285 303 3342 auro
350 3284 395 3341 er
411 3278 551 3341 totum
569 3275 839 3359 contextam,
868 3262 1096 3372 capacitate
1113 3256 1182 3344 lon
1211 3262 1380 3346 itudinis
1398 3281 1461 3343 to·

193 3373 285 3456 tius
313 3282 532 3456 bustuarii
556 3368 765 3450 ambitum
799 3372 1062 3481 cingentem,
1099 3289 1281 3483 prosbnis
1298 3373 1462 3484 ignibus

195 3483 373 3592 injecit,
401 3483 445 3566 tr
467 3507 638 3580 aurum,
655 3477 771 3590 quod
788 3477 1015 3592 plurimum
1032 3485 1163 3566 inerat
1183 3543 1194 3581 ,
1218 3481 1391 3594 eliquari
1406 3481 1462 3564 se·

194 3599 282 3693 cit,
311 3621 460 3679 aurum
481 3589 630 3679 scilicet
648 3591 816 3694 fitiens,
846 3591 1058 3679 &aurum
1091 3594 1232 3676 bibere
1260 3595 1432 3704 gestiens
1451 3622 1463 3687 3

194 3707 324 3814 cujus
342 3735 426 3788 non
446 3706 609 3790 modica
630 3702 876 3821 particulata
894 3703 1079 3817 quodam
1099 3704 1257 3805 sratre,
1283 3707 1354 3818 qui
1370 3702 1461 3790 zelo

193 3821 356 3908 Finees
381 3815 526 3904 dusius
543 3845 730 3934 praeceps
759 3821 910 3920 irruit,
941 3846 999 3904 ex
1012 3813 1220 3902 incendiis·
1229 3841 1381 3934 erepta,
1395 3847 1461 3920 us·

118 4043 121 4052 .
194 3959 284 4050 que
305 3929 570 4047 adtempora
596 3933 731 4022 nostra
747 3931 813 4018 hic
832 3932 1015 4132 dugavit.
1072 3930 1286 4046 Postremo
1310 3927 1460 4049 &ipsa

1307 4075 1404 4133 cum
