<?xml version="1.0" encoding="UTF-8"?>
<!DOCTYPE html PUBLIC "-//W3C//DTD XHTML 1.0 Transitional//EN"
    "http://www.w3.org/TR/xhtml1/DTD/xhtml1-transitional.dtd">
<html xmlns="http://www.w3.org/1999/xhtml" xml:lang="en" lang="en">
 <head>
  <title>
</title>
<meta http-equiv="Content-Type" content="text/html;charset=utf-8" />
  <meta name='ocr-system' content='tesseract 3.04.00' />
  <meta name='ocr-capabilities' content='ocr_page ocr_carea ocr_par ocr_line ocrx_word'/>
</head>
<body>
  <div class='ocr_page' id='page_1' title='image "./codexprincipiso00egyegoog_0230.png"; bbox 0 0 4000 5417; ppageno 0'>
   <div class='ocr_carea' id='block_1_1' title="bbox 518 447 1411 554">
    <p class='ocr_par' dir='ltr' id='par_1_1' title="bbox 518 447 1411 554">
     <span class='ocr_line' id='line_1_1' title="bbox 518 447 1411 554; baseline -0.007 -20"><span class='ocrx_word' id='word_1_1' title='bbox 518 477 589 554; x_wconf 77' lang='lat'><strong>192</strong></span> <span class='ocrx_word' id='word_1_2' title='bbox 890 449 1077 530; x_wconf 71' lang='lat' dir='ltr'><strong>Cenon.</strong></span> <span class='ocrx_word' id='word_1_3' title='bbox 1105 473 1169 528; x_wconf 77' lang='lat' dir='ltr'><strong>un</strong></span> <span class='ocrx_word' id='word_1_4' title='bbox 1195 447 1411 530; x_wconf 71' lang='lat' dir='ltr'><strong>Cannam</strong></span> 
     </span>
    </p>
   </div>
   <div class='ocr_carea' id='block_1_2' title="bbox 514 756 1792 1653">
    <p class='ocr_par' dir='ltr' id='par_1_2' title="bbox 514 756 1792 1653">
     <span class='ocr_line' id='line_1_2' title="bbox 515 756 1792 860; baseline 0.005 -26"><span class='ocrx_word' id='word_1_5' title='bbox 515 771 647 834; x_wconf 73' lang='lat' dir='ltr'><strong>cutura</strong></span> <span class='ocrx_word' id='word_1_6' title='bbox 662 760 792 847; x_wconf 80' lang='lat' dir='ltr'><strong>omniu,</strong></span> <span class='ocrx_word' id='word_1_7' title='bbox 807 770 848 832; x_wconf 75' lang='lat' dir='ltr'><strong>ut</strong></span> <span class='ocrx_word' id='word_1_8' title='bbox 859 756 985 859; x_wconf 77' lang='lat' dir='ltr'><strong>supra,</strong></span> <span class='ocrx_word' id='word_1_9' title='bbox 1000 781 1104 857; x_wconf 79' lang='lat' dir='ltr'><strong>usquc</strong></span> <span class='ocrx_word' id='word_1_10' title='bbox 1116 759 1166 832; x_wconf 78' lang='lat' dir='ltr'><strong>ud</strong></span> <span class='ocrx_word' id='word_1_11' title='bbox 1181 759 1233 835; x_wconf 77' lang='lat' dir='ltr'><strong>id:</strong></span> <span class='ocrx_word' id='word_1_12' title='bbox 1247 757 1287 833; x_wconf 88' lang='lat' dir='ltr'><strong>in</strong></span> <span class='ocrx_word' id='word_1_13' title='bbox 1302 757 1392 834; x_wconf 85' lang='lat' dir='ltr'><strong>villa</strong></span> <span class='ocrx_word' id='word_1_14' title='bbox 1406 756 1622 834; x_wconf 75' lang='lat' dir='ltr'><em>lauresham</em></span> <span class='ocrx_word' id='word_1_15' title='bbox 1635 816 1646 851; x_wconf 95' lang='lat'><strong>,</strong></span> <span class='ocrx_word' id='word_1_16' title='bbox 1661 761 1700 838; x_wconf 88' lang='lat' dir='ltr'><strong>in</strong></span> <span class='ocrx_word' id='word_1_17' title='bbox 1714 785 1792 860; x_wconf 77' lang='lat' dir='ltr'><strong>qua</strong></span> 
     </span>
     <span class='ocr_line' id='line_1_3' title="bbox 514 857 1790 942; baseline 0.002 -5"><span class='ocrx_word' id='word_1_18' title='bbox 514 861 614 937; x_wconf 90' lang='lat' dir='ltr'><strong>idem</strong></span> <span class='ocrx_word' id='word_1_19' title='bbox 640 861 849 936; x_wconf 79' lang='lat' dir='ltr'><strong>coenobium</strong></span> <span class='ocrx_word' id='word_1_20' title='bbox 876 885 964 936; x_wconf 91' lang='lat' dir='ltr'><strong>cum</strong></span> <span class='ocrx_word' id='word_1_21' title='bbox 990 860 1183 937; x_wconf 89' lang='lat' dir='ltr'><strong>monachis</strong></span> <span class='ocrx_word' id='word_1_22' title='bbox 1209 863 1288 936; x_wconf 92' lang='lat' dir='ltr'><strong>Deo</strong></span> <span class='ocrx_word' id='word_1_23' title='bbox 1302 857 1341 935; x_wconf 82' lang='lat' dir='ltr'><strong>dt</strong></span> <span class='ocrx_word' id='word_1_24' title='bbox 1368 858 1489 934; x_wconf 78' lang='lat' dir='ltr'><strong>tanao</strong></span> <span class='ocrx_word' id='word_1_25' title='bbox 1503 862 1674 939; x_wconf 66' lang='lat' dir='ltr'><strong>‘Nazario</strong></span> <span class='ocrx_word' id='word_1_26' title='bbox 1699 865 1790 942; x_wconf 91' lang='lat' dir='ltr'><strong>inibi</strong></span> 
     </span>
     <span class='ocr_line' id='line_1_4' title="bbox 516 961 1791 1066; baseline 0.001 -26"><span class='ocrx_word' id='word_1_27' title='bbox 516 963 785 1040; x_wconf 83' lang='lat' dir='ltr'><strong>famulantibus</strong></span> <span class='ocrx_word' id='word_1_28' title='bbox 800 961 850 1036; x_wconf 89' lang='lat' dir='ltr'><strong>est</strong></span> <span class='ocrx_word' id='word_1_29' title='bbox 864 963 993 1052; x_wconf 84' lang='lat' dir='ltr'><strong>litum,</strong></span> <span class='ocrx_word' id='word_1_30' title='bbox 1015 977 1205 1040; x_wconf 89' lang='lat' dir='ltr'>monetam</span> <span class='ocrx_word' id='word_1_31' title='bbox 1230 961 1414 1062; x_wconf 75' lang='lat' dir='ltr'>propriam</span> <span class='ocrx_word' id='word_1_32' title='bbox 1430 977 1708 1063; x_wconf 68' lang='lat' dir='ltr'><strong>mercatumque</strong></span> <span class='ocrx_word' id='word_1_33' title='bbox 1722 991 1791 1066; x_wconf 90' lang='lat' dir='ltr'><strong>pu-</strong></span> 
     </span>
     <span class='ocr_line' id='line_1_5' title="bbox 516 1063 1791 1164; baseline 0.001 -23"><span class='ocrx_word' id='word_1_34' title='bbox 516 1065 681 1152; x_wconf 92' lang='lat' dir='ltr'><strong>blicum,</strong></span> <span class='ocrx_word' id='word_1_35' title='bbox 708 1087 923 1162; x_wconf 87' lang='lat' dir='ltr'><strong>quacunque</strong></span> <span class='ocrx_word' id='word_1_36' title='bbox 940 1064 1032 1142; x_wconf 88' lang='lat' dir='ltr'><strong>feria</strong></span> <span class='ocrx_word' id='word_1_37' title='bbox 1047 1064 1111 1142; x_wconf 84' lang='lat' dir='ltr'><strong>sibi</strong></span> <span class='ocrx_word' id='word_1_38' title='bbox 1126 1063 1324 1164; x_wconf 88' lang='lat' dir='ltr'><strong>placuerit,</strong></span> <span class='ocrx_word' id='word_1_39' title='bbox 1349 1063 1427 1139; x_wconf 86' lang='lat' dir='ltr'><strong>lieri</strong></span> <span class='ocrx_word' id='word_1_40' title='bbox 1444 1067 1681 1142; x_wconf 82' lang='lat' dir='ltr'><strong>conceffimus</strong></span> <span class='ocrx_word' id='word_1_41' title='bbox 1695 1067 1735 1144; x_wconf 82' lang='lat' dir='ltr'><strong>dt</strong></span> <span class='ocrx_word' id='word_1_42' title='bbox 1750 1069 1791 1142; x_wconf 92' lang='lat' dir='ltr'><strong>in</strong></span> 
     </span>
     <span class='ocr_line' id='line_1_6' title="bbox 519 1165 1792 1268; baseline 0.003 -28"><span class='ocrx_word' id='word_1_43' title='bbox 519 1167 708 1267; x_wconf 89' lang='lat' dir='ltr'><strong>proprium</strong></span> <span class='ocrx_word' id='word_1_44' title='bbox 728 1167 962 1242; x_wconf 91' lang='lat' dir='ltr'><strong>donavimus.</strong></span> <span class='ocrx_word' id='word_1_45' title='bbox 993 1247 997 1256; x_wconf 58' lang='grc'><strong>,</strong></span> <span class='ocrx_word' id='word_1_46' title='bbox 1015 1167 1164 1264; x_wconf 77' lang='lat' dir='ltr'><strong>Reliqua</strong></span> <span class='ocrx_word' id='word_1_47' title='bbox 1177 1180 1218 1240; x_wconf 76' lang='lat' dir='ltr'><strong>ur</strong></span> <span class='ocrx_word' id='word_1_48' title='bbox 1225 1165 1351 1268; x_wconf 78' lang='lat' dir='ltr'><strong>supra.</strong></span> <span class='ocrx_word' id='word_1_49' title='bbox 1402 1166 1631 1262; x_wconf 83' lang='lat' dir='ltr'><strong>sigehardus</strong></span> <span class='ocrx_word' id='word_1_50' title='bbox 1647 1170 1792 1244; x_wconf 89' lang='lat' dir='ltr'><strong>cancel-</strong></span> 
     </span>
     <span class='ocr_line' id='line_1_7' title="bbox 517 1267 1792 1363; baseline 0.001 -20"><span class='ocrx_word' id='word_1_51' title='bbox 517 1269 634 1344; x_wconf 89' lang='lat' dir='ltr'><strong>larius</strong></span> <span class='ocrx_word' id='word_1_52' title='bbox 648 1268 729 1344; x_wconf 93' lang='lat' dir='ltr'><strong>vice</strong></span> <span class='ocrx_word' id='word_1_53' title='bbox 754 1267 929 1363; x_wconf 87' lang='lat' dir='ltr'><strong>Sigefn&#39;di</strong></span> <span class='ocrx_word' id='word_1_54' title='bbox 945 1269 1254 1345; x_wconf 87' lang='lat' dir='ltr'><strong>archicancellarii</strong></span> <span class='ocrx_word' id='word_1_55' title='bbox 1275 1270 1482 1362; x_wconf 84' lang='lat' dir='ltr'><strong>recognovi.</strong></span> <span class='ocrx_word' id='word_1_56' title='bbox 1511 1269 1623 1345; x_wconf 83' lang='lat' dir='ltr'><strong>Data.</strong></span> <span class='ocrx_word' id='word_1_57' title='bbox 1638 1325 1648 1344; x_wconf 88' lang='lat'><strong>.</strong></span> <span class='ocrx_word' id='word_1_58' title='bbox 1666 1325 1676 1344; x_wconf 87' lang='lat'><strong>.</strong></span> <span class='ocrx_word' id='word_1_59' title='bbox 1695 1294 1792 1346; x_wconf 92' lang='lat' dir='ltr'><strong>anno</strong></span> 
     </span>
     <span class='ocr_line' id='line_1_8' title="bbox 515 1369 1792 1458; baseline 0 -11"><span class='ocrx_word' id='word_1_60' title='bbox 515 1369 721 1447; x_wconf 83' lang='lat' dir='ltr'><strong>Dominicae</strong></span> <span class='ocrx_word' id='word_1_61' title='bbox 735 1370 994 1447; x_wconf 86' lang='lat' dir='ltr'><strong>incarnationis</strong></span> <span class='ocrx_word' id='word_1_62' title='bbox 1010 1369 1457 1458; x_wconf 77' lang='lat' dir='ltr'><strong>Mth11,indiui0nev,</strong></span> <span class='ocrx_word' id='word_1_63' title='bbox 1471 1393 1568 1450; x_wconf 81' lang='lat' dir='ltr'><strong>anno</strong></span> <span class='ocrx_word' id='word_1_64' title='bbox 1590 1386 1717 1447; x_wconf 89' lang='lat' dir='ltr'><strong>autem</strong></span> <span class='ocrx_word' id='word_1_65' title='bbox 1733 1394 1792 1447; x_wconf 88' lang='lat' dir='ltr'><strong>or·</strong></span> 
     </span>
     <span class='ocr_line' id='line_1_9' title="bbox 516 1470 1789 1570; baseline 0.001 -22"><span class='ocrx_word' id='word_1_66' title='bbox 516 1472 714 1548; x_wconf 87' lang='lat' dir='ltr'><strong>dinationis</strong></span> <span class='ocrx_word' id='word_1_67' title='bbox 739 1471 881 1548; x_wconf 89' lang='lat' dir='ltr'><strong>domini</strong></span> <span class='ocrx_word' id='word_1_68' title='bbox 915 1472 1080 1548; x_wconf 88' lang='lat' dir='ltr'><strong>Heinrici</strong></span> <span class='ocrx_word' id='word_1_69' title='bbox 1105 1473 1229 1570; x_wconf 89' lang='lat' dir='ltr'><strong>quarti</strong></span> <span class='ocrx_word' id='word_1_70' title='bbox 1253 1471 1351 1568; x_wconf 90' lang='lat' dir='ltr'><strong>regis</strong></span> <span class='ocrx_word' id='word_1_71' title='bbox 1364 1470 1462 1561; x_wconf 90' lang='lat' dir='ltr'><strong>XV,</strong></span> <span class='ocrx_word' id='word_1_72' title='bbox 1495 1473 1599 1568; x_wconf 86' lang='lat' dir='ltr'><strong>regni</strong></span> <span class='ocrx_word' id='word_1_73' title='bbox 1632 1471 1713 1568; x_wconf 87' lang='lat' dir='ltr'><strong>ejus</strong></span> <span class='ocrx_word' id='word_1_74' title='bbox 1735 1471 1789 1570; x_wconf 88' lang='lat' dir='ltr'><strong>xj.</strong></span> 
     </span>
     <span class='ocr_line' id='line_1_10' title="bbox 518 1573 1190 1653; baseline 0 -2"><span class='ocrx_word' id='word_1_75' title='bbox 518 1573 656 1652; x_wconf 76' lang='lat' dir='ltr'><strong>Atium</strong></span> <span class='ocrx_word' id='word_1_76' title='bbox 677 1574 877 1650; x_wconf 84' lang='lat' dir='ltr'><strong>Murlrowu</strong></span> <span class='ocrx_word' id='word_1_77' title='bbox 900 1573 1054 1653; x_wconf 82' lang='lat' dir='ltr'><strong>feliciter</strong></span> <span class='ocrx_word' id='word_1_78' title='bbox 1068 1597 1190 1652; x_wconf 87' lang='lat' dir='ltr'><strong>amen.</strong></span> 
     </span>
    </p>
   </div>
   <div class='ocr_carea' id='block_1_3' title="bbox 1084 1775 1275 1867">
    <p class='ocr_par' dir='ltr' id='par_1_3' title="bbox 1084 1775 1275 1867">
     <span class='ocr_line' id='line_1_11' title="bbox 1084 1775 1275 1867; baseline -0.026 1"><span class='ocrx_word' id='word_1_79' title='bbox 1084 1775 1275 1867; x_wconf 89' lang='lat' dir='ltr'><strong>CXXX.</strong></span> 
     </span>
    </p>
   </div>
   <div class='ocr_carea' id='block_1_4' title="bbox 515 1883 1792 2208">
    <p class='ocr_par' dir='ltr' id='par_1_4' title="bbox 515 1883 1792 2208">
     <span class='ocr_line' id='line_1_12' title="bbox 639 1883 1771 2006; baseline -0.003 -10"><span class='ocrx_word' id='word_1_80' title='bbox 639 1893 826 1996; x_wconf 80' lang='lat' dir='ltr'><strong>Heinricr&#39;</strong></span> <span class='ocrx_word' id='word_1_81' title='bbox 845 1908 892 1997; x_wconf 80' lang='lat' dir='ltr'><strong>dr</strong></span> <span class='ocrx_word' id='word_1_82' title='bbox 909 1921 1080 1997; x_wconf 72' lang='lat' dir='ltr'><strong>muruco</strong></span> <span class='ocrx_word' id='word_1_83' title='bbox 1097 1909 1150 2006; x_wconf 68' lang='lat' dir='ltr'><strong>fd</strong></span> <span class='ocrx_word' id='word_1_84' title='bbox 1174 1909 1385 1998; x_wconf 74' lang='lat' dir='ltr'><strong>monetarii</strong></span> <span class='ocrx_word' id='word_1_85' title='bbox 1406 1907 1670 2002; x_wconf 80' lang='lat' dir='ltr'><strong>Winrulrtim.</strong></span> <span class='ocrx_word' id='word_1_86' title='bbox 1745 1883 1771 1952; x_wconf 70' lang='lat' dir='ltr'>J</span> 
     </span>
     <span class='ocr_line' id='line_1_13' title="bbox 515 2071 1792 2208; baseline 0.008 -64"><span class='ocrx_word' id='word_1_87' title='bbox 515 2081 568 2208; x_wconf 77' lang='lat' dir='ltr'><strong>ln</strong></span> <span class='ocrx_word' id='word_1_88' title='bbox 588 2071 736 2146; x_wconf 91' lang='lat' dir='ltr'><strong>nomine</strong></span> <span class='ocrx_word' id='word_1_89' title='bbox 770 2072 901 2153; x_wconf 77' lang='lat' dir='ltr'><strong>sanciae</strong></span> <span class='ocrx_word' id='word_1_90' title='bbox 922 2075 961 2154; x_wconf 86' lang='lat' dir='ltr'><strong>dt</strong></span> <span class='ocrx_word' id='word_1_91' title='bbox 995 2077 1192 2152; x_wconf 89' lang='lat' dir='ltr'><strong>individuae</strong></span> <span class='ocrx_word' id='word_1_92' title='bbox 1217 2077 1418 2153; x_wconf 88' lang='lat' dir='ltr'><strong>Trinitatis.</strong></span> <span class='ocrx_word' id='word_1_93' title='bbox 1474 2077 1714 2153; x_wconf 80' lang='lat' dir='ltr'><strong>Hmnnucus</strong></span> <span class='ocrx_word' id='word_1_94' title='bbox 1738 2076 1792 2154; x_wconf 90' lang='lat' dir='ltr'><strong>di·</strong></span> 
     </span>
    </p>
   </div>
   <div class='ocr_carea' id='block_1_5' title="bbox 517 2172 1863 3493">
    <p class='ocr_par' dir='ltr' id='par_1_5' title="bbox 517 2172 1863 3493">
     <span class='ocr_line' id='line_1_14' title="bbox 566 2172 1792 2276; baseline 0.006 -29"><span class='ocrx_word' id='word_1_95' title='bbox 566 2173 652 2248; x_wconf 88' lang='lat' dir='ltr'><strong>vina</strong></span> <span class='ocrx_word' id='word_1_96' title='bbox 669 2172 815 2250; x_wconf 88' lang='lat' dir='ltr'><strong>favente</strong></span> <span class='ocrx_word' id='word_1_97' title='bbox 828 2179 1026 2254; x_wconf 89' lang='lat' dir='ltr'><strong>clementia</strong></span> <span class='ocrx_word' id='word_1_98' title='bbox 1039 2203 1118 2254; x_wconf 84' lang='lat' dir='ltr'><strong>rex.</strong></span> <span class='ocrx_word' id='word_1_99' title='bbox 1146 2179 1323 2253; x_wconf 90' lang='lat' dir='ltr'><strong>Omnium</strong></span> <span class='ocrx_word' id='word_1_100' title='bbox 1337 2177 1488 2266; x_wconf 90' lang='lat' dir='ltr'><strong>Christi,</strong></span> <span class='ocrx_word' id='word_1_101' title='bbox 1515 2177 1792 2276; x_wconf 87' lang='lat' dir='ltr'><strong>nostrorumque</strong></span> 
     </span>
     <span class='ocr_line' id='line_1_15' title="bbox 517 2272 1789 2377; baseline 0.006 -31"><span class='ocrx_word' id='word_1_102' title='bbox 517 2272 707 2363; x_wconf 82' lang='lat' dir='ltr'><strong>fidelium,</strong></span> <span class='ocrx_word' id='word_1_103' title='bbox 734 2290 812 2352; x_wconf 90' lang='lat' dir='ltr'><strong>tam</strong></span> <span class='ocrx_word' id='word_1_104' title='bbox 828 2278 1041 2356; x_wconf 87' lang='lat' dir='ltr'><strong>futurorum</strong></span> <span class='ocrx_word' id='word_1_105' title='bbox 1066 2303 1180 2376; x_wconf 88' lang='lat' dir='ltr'><strong>quam</strong></span> <span class='ocrx_word' id='word_1_106' title='bbox 1196 2280 1445 2377; x_wconf 85' lang='lat' dir='ltr'><strong>praesentium,</strong></span> <span class='ocrx_word' id='word_1_107' title='bbox 1471 2278 1697 2355; x_wconf 88' lang='lat' dir='ltr'><strong>univerfitati</strong></span> <span class='ocrx_word' id='word_1_108' title='bbox 1723 2305 1789 2353; x_wconf 91' lang='lat' dir='ltr'><strong>no·</strong></span> 
     </span>
     <span class='ocr_line' id='line_1_16' title="bbox 518 2375 1791 2478; baseline 0.002 -28"><span class='ocrx_word' id='word_1_109' title='bbox 518 2389 600 2450; x_wconf 89' lang='lat' dir='ltr'><strong>tum</strong></span> <span class='ocrx_word' id='word_1_110' title='bbox 616 2375 683 2450; x_wconf 86' lang='lat' dir='ltr'><strong>elle</strong></span> <span class='ocrx_word' id='word_1_111' title='bbox 701 2379 897 2470; x_wconf 89' lang='lat' dir='ltr'><strong>volumus,</strong></span> <span class='ocrx_word' id='word_1_112' title='bbox 924 2383 1081 2478; x_wconf 86' lang='lat' dir='ltr'><strong>qualiter</strong></span> <span class='ocrx_word' id='word_1_113' title='bbox 1093 2403 1160 2454; x_wconf 90' lang='lat' dir='ltr'><strong>nos</strong></span> <span class='ocrx_word' id='word_1_114' title='bbox 1175 2403 1238 2478; x_wconf 90' lang='lat' dir='ltr'><strong>per</strong></span> <span class='ocrx_word' id='word_1_115' title='bbox 1252 2380 1500 2456; x_wconf 85' lang='lat' dir='ltr'><strong>interventum</strong></span> <span class='ocrx_word' id='word_1_116' title='bbox 1517 2403 1561 2456; x_wconf 87' lang='lat' dir='ltr'><strong>ac</strong></span> <span class='ocrx_word' id='word_1_117' title='bbox 1576 2379 1791 2477; x_wconf 88' lang='lat' dir='ltr'><strong>petitionem</strong></span> 
     </span>
     <span class='ocr_line' id='line_1_17' title="bbox 519 2478 1790 2580; baseline 0.002 -28"><span class='ocrx_word' id='word_1_118' title='bbox 519 2478 650 2552; x_wconf 91' lang='lat' dir='ltr'><strong>matris</strong></span> <span class='ocrx_word' id='word_1_119' title='bbox 667 2479 795 2558; x_wconf 78' lang='lat' dir='ltr'><strong>nostrae</strong></span> <span class='ocrx_word' id='word_1_120' title='bbox 820 2480 1014 2558; x_wconf 75' lang='lat' dir='ltr'><strong>Annuus</strong></span> <span class='ocrx_word' id='word_1_121' title='bbox 1030 2481 1271 2580; x_wconf 86' lang='lat' dir='ltr'><strong>imperatricis</strong></span> <span class='ocrx_word' id='word_1_122' title='bbox 1286 2479 1468 2576; x_wconf 85' lang='lat' dir='ltr'><strong>augustae,</strong></span> <span class='ocrx_word' id='word_1_123' title='bbox 1483 2480 1522 2556; x_wconf 80' lang='lat' dir='ltr'><strong>dc</strong></span> <span class='ocrx_word' id='word_1_124' title='bbox 1537 2481 1585 2554; x_wconf 91' lang='lat' dir='ltr'><strong>ob</strong></span> <span class='ocrx_word' id='word_1_125' title='bbox 1598 2480 1705 2554; x_wconf 88' lang='lat' dir='ltr'><strong>fidele</strong></span> <span class='ocrx_word' id='word_1_126' title='bbox 1719 2479 1790 2554; x_wconf 89' lang='lat' dir='ltr'><strong>ser·</strong></span> 
     </span>
     <span class='ocr_line' id='line_1_18' title="bbox 519 2579 1791 2680; baseline 0 -25"><span class='ocrx_word' id='word_1_127' title='bbox 519 2579 651 2655; x_wconf 86' lang='lat' dir='ltr'><strong>vitium</strong></span> <span class='ocrx_word' id='word_1_128' title='bbox 677 2581 841 2658; x_wconf 88' lang='lat' dir='ltr'><strong>Udalrici</strong></span> <span class='ocrx_word' id='word_1_129' title='bbox 855 2583 1027 2671; x_wconf 85' lang='lat' dir='ltr'><strong>abbatis,</strong></span> <span class='ocrx_word' id='word_1_130' title='bbox 1054 2581 1297 2669; x_wconf 88' lang='lat' dir='ltr'><strong>monasterio,</strong></span> <span class='ocrx_word' id='word_1_131' title='bbox 1322 2582 1362 2656; x_wconf 91' lang='lat' dir='ltr'><strong>in</strong></span> <span class='ocrx_word' id='word_1_132' title='bbox 1381 2604 1458 2677; x_wconf 90' lang='lat' dir='ltr'><strong>quo</strong></span> <span class='ocrx_word' id='word_1_133' title='bbox 1472 2580 1547 2680; x_wconf 89' lang='lat' dir='ltr'><strong>ipse</strong></span> <span class='ocrx_word' id='word_1_134' title='bbox 1573 2580 1791 2657; x_wconf 88' lang='lat' dir='ltr'><strong>venerabili·</strong></span> 
     </span>
     <span class='ocr_line' id='line_1_19' title="bbox 518 2681 1791 2779; baseline 0 -22"><span class='ocrx_word' id='word_1_135' title='bbox 518 2693 575 2757; x_wconf 92' lang='lat' dir='ltr'><strong>ter</strong></span> <span class='ocrx_word' id='word_1_136' title='bbox 591 2681 734 2779; x_wconf 77' lang='lat' dir='ltr'><strong>praecise</strong></span> <span class='ocrx_word' id='word_1_137' title='bbox 760 2683 979 2772; x_wconf 88' lang='lat' dir='ltr'><strong>dinoscitur,</strong></span> <span class='ocrx_word' id='word_1_138' title='bbox 1006 2683 1053 2759; x_wconf 89' lang='lat' dir='ltr'><strong>ab</strong></span> <span class='ocrx_word' id='word_1_139' title='bbox 1070 2681 1350 2759; x_wconf 81' lang='lat' dir='ltr'><strong>antecelloribus</strong></span> <span class='ocrx_word' id='word_1_140' title='bbox 1376 2682 1505 2758; x_wconf 88' lang='lat' dir='ltr'><strong>nostris</strong></span> <span class='ocrx_word' id='word_1_141' title='bbox 1526 2683 1656 2759; x_wconf 90' lang='lat' dir='ltr'><strong>eodem</strong></span> <span class='ocrx_word' id='word_1_142' title='bbox 1678 2683 1791 2758; x_wconf 86' lang='lat' dir='ltr'><strong>modo</strong></span> 
     </span>
     <span class='ocr_line' id='line_1_20' title="bbox 519 2783 1791 2886; baseline 0.002 -28"><span class='ocrx_word' id='word_1_143' title='bbox 519 2783 754 2860; x_wconf 86' lang='lat' dir='ltr'><strong>constitutum</strong></span> <span class='ocrx_word' id='word_1_144' title='bbox 775 2786 955 2886; x_wconf 87' lang='lat' dir='ltr'><strong>imperiali</strong></span> <span class='ocrx_word' id='word_1_145' title='bbox 981 2785 1143 2884; x_wconf 90' lang='lat' dir='ltr'><strong>potentia</strong></span> <span class='ocrx_word' id='word_1_146' title='bbox 1157 2785 1402 2868; x_wconf 89' lang='lat' dir='ltr'><strong>donavimus,</strong></span> <span class='ocrx_word' id='word_1_147' title='bbox 1429 2809 1473 2860; x_wconf 91' lang='lat' dir='ltr'><strong>ac</strong></span> <span class='ocrx_word' id='word_1_148' title='bbox 1487 2785 1692 2861; x_wconf 87' lang='lat' dir='ltr'><strong>concellum</strong></span> <span class='ocrx_word' id='word_1_149' title='bbox 1706 2809 1791 2861; x_wconf 91' lang='lat' dir='ltr'><strong>con·</strong></span> 
     </span>
     <span class='ocr_line' id='line_1_21' title="bbox 519 2883 1791 2986; baseline 0.003 -28"><span class='ocrx_word' id='word_1_150' title='bbox 519 2883 773 2975; x_wconf 89' lang='lat' dir='ltr'><strong>firmavimus,</strong></span> <span class='ocrx_word' id='word_1_151' title='bbox 801 2902 843 2963; x_wconf 92' lang='lat' dir='ltr'><strong>ut</strong></span> <span class='ocrx_word' id='word_1_152' title='bbox 868 2888 907 2962; x_wconf 90' lang='lat' dir='ltr'><strong>in</strong></span> <span class='ocrx_word' id='word_1_153' title='bbox 931 2889 1012 2962; x_wconf 93' lang='lat' dir='ltr'><strong>loco</strong></span> <span class='ocrx_word' id='word_1_154' title='bbox 1037 2887 1201 2982; x_wconf 88' lang='lat' dir='ltr'><strong>quodam</strong></span> <span class='ocrx_word' id='word_1_155' title='bbox 1216 2887 1291 2964; x_wconf 85' lang='lat' dir='ltr'><strong>suae</strong></span> <span class='ocrx_word' id='word_1_156' title='bbox 1308 2885 1468 2963; x_wconf 81' lang='lat' dir='ltr'><strong>ecclesiae</strong></span> <span class='ocrx_word' id='word_1_157' title='bbox 1499 2886 1711 2964; x_wconf 78' lang='lat' dir='ltr'><strong>Wiurnlreim</strong></span> <span class='ocrx_word' id='word_1_158' title='bbox 1727 2911 1791 2986; x_wconf 88' lang='lat' dir='ltr'><strong>pu·</strong></span> 
     </span>
     <span class='ocr_line' id='line_1_22' title="bbox 521 2987 1792 3085; baseline -0.002 -21"><span class='ocrx_word' id='word_1_159' title='bbox 521 2987 662 3064; x_wconf 91' lang='lat' dir='ltr'><strong>blicum</strong></span> <span class='ocrx_word' id='word_1_160' title='bbox 694 2988 738 3064; x_wconf 87' lang='lat' dir='ltr'><strong>fit</strong></span> <span class='ocrx_word' id='word_1_161' title='bbox 760 3004 988 3076; x_wconf 90' lang='lat' dir='ltr'><strong>mercatum,</strong></span> <span class='ocrx_word' id='word_1_162' title='bbox 1015 2988 1069 3064; x_wconf 91' lang='lat' dir='ltr'><strong>ita</strong></span> <span class='ocrx_word' id='word_1_163' title='bbox 1084 3001 1128 3062; x_wconf 92' lang='lat' dir='ltr'><strong>ut</strong></span> <span class='ocrx_word' id='word_1_164' title='bbox 1153 3009 1283 3064; x_wconf 89' lang='lat' dir='ltr'><strong>omnes</strong></span> <span class='ocrx_word' id='word_1_165' title='bbox 1305 2988 1584 3082; x_wconf 82' lang='lat' dir='ltr'><strong>negociatores,</strong></span> <span class='ocrx_word' id='word_1_166' title='bbox 1612 2988 1792 3085; x_wconf 87' lang='lat' dir='ltr'><strong>idipsum</strong></span> 
     </span>
     <span class='ocr_line' id='line_1_23' title="bbox 520 3086 1863 3186; baseline -0.001 -22"><span class='ocrx_word' id='word_1_167' title='bbox 520 3102 726 3164; x_wconf 87' lang='lat' dir='ltr'><strong>mercatum</strong></span> <span class='ocrx_word' id='word_1_168' title='bbox 748 3092 916 3168; x_wconf 86' lang='lat' dir='ltr'><strong>ineuntes</strong></span> <span class='ocrx_word' id='word_1_169' title='bbox 937 3089 1198 3186; x_wconf 86' lang='lat' dir='ltr'><strong>negociantes,</strong></span> <span class='ocrx_word' id='word_1_170' title='bbox 1223 3086 1438 3165; x_wconf 89' lang='lat' dir='ltr'><strong>ineundo&amp;</strong></span> <span class='ocrx_word' id='word_1_171' title='bbox 1462 3089 1646 3163; x_wconf 91' lang='lat' dir='ltr'><strong>redeundo</strong></span> <span class='ocrx_word' id='word_1_172' title='bbox 1661 3111 1791 3186; x_wconf 87' lang='lat' dir='ltr'><strong>pacem</strong></span> <span class='ocrx_word' id='word_1_173' title='bbox 1858 3101 1863 3108; x_wconf 85' lang='lat'>&#39;</span> 
     </span>
     <span class='ocr_line' id='line_1_24' title="bbox 520 3189 1792 3298; baseline 0 -33"><span class='ocrx_word' id='word_1_174' title='bbox 520 3189 736 3298; x_wconf 80' lang='lat' dir='ltr'><strong>obtineant,</strong></span> <span class='ocrx_word' id='word_1_175' title='bbox 764 3205 875 3290; x_wconf 92' lang='lat' dir='ltr'><strong>atque</strong></span> <span class='ocrx_word' id='word_1_176' title='bbox 895 3193 933 3267; x_wconf 94' lang='lat' dir='ltr'><strong>id</strong></span> <span class='ocrx_word' id='word_1_177' title='bbox 958 3192 1076 3291; x_wconf 89' lang='lat' dir='ltr'><strong>ipsum</strong></span> <span class='ocrx_word' id='word_1_178' title='bbox 1099 3204 1305 3267; x_wconf 90' lang='lat' dir='ltr'><strong>mercatum</strong></span> <span class='ocrx_word' id='word_1_179' title='bbox 1331 3190 1471 3289; x_wconf 88' lang='lat' dir='ltr'><strong>semper</strong></span> <span class='ocrx_word' id='word_1_180' title='bbox 1483 3189 1523 3265; x_wconf 92' lang='lat' dir='ltr'><strong>in</strong></span> <span class='ocrx_word' id='word_1_181' title='bbox 1543 3189 1644 3264; x_wconf 92' lang='lat' dir='ltr'><strong>omni</strong></span> <span class='ocrx_word' id='word_1_182' title='bbox 1658 3200 1792 3286; x_wconf 81' lang='lat' dir='ltr'><strong>quarta</strong></span> 
     </span>
     <span class='ocr_line' id='line_1_25' title="bbox 520 3289 1791 3390; baseline 0.004 -23"><span class='ocrx_word' id='word_1_183' title='bbox 520 3289 613 3368; x_wconf 88' lang='lat' dir='ltr'><strong>feria</strong></span> <span class='ocrx_word' id='word_1_184' title='bbox 629 3291 896 3390; x_wconf 87' lang='lat' dir='ltr'><strong>frequentetur,</strong></span> <span class='ocrx_word' id='word_1_185' title='bbox 912 3317 999 3368; x_wconf 90' lang='lat' dir='ltr'><strong>cum</strong></span> <span class='ocrx_word' id='word_1_186' title='bbox 1016 3292 1117 3368; x_wconf 90' lang='lat' dir='ltr'><strong>omni</strong></span> <span class='ocrx_word' id='word_1_187' title='bbox 1142 3291 1313 3368; x_wconf 88' lang='lat' dir='ltr'><strong>theloneo</strong></span> <span class='ocrx_word' id='word_1_188' title='bbox 1329 3292 1368 3370; x_wconf 83' lang='lat' dir='ltr'><strong>dt</strong></span> <span class='ocrx_word' id='word_1_189' title='bbox 1384 3294 1531 3379; x_wconf 88' lang='lat' dir='ltr'><strong>banno,</strong></span> <span class='ocrx_word' id='word_1_190' title='bbox 1557 3291 1646 3367; x_wconf 85' lang='lat' dir='ltr'><strong>ficut</strong></span> <span class='ocrx_word' id='word_1_191' title='bbox 1659 3291 1700 3367; x_wconf 91' lang='lat' dir='ltr'><strong>in</strong></span> <span class='ocrx_word' id='word_1_192' title='bbox 1713 3314 1791 3372; x_wconf 82' lang='lat' dir='ltr'><strong>cae·</strong></span> 
     </span>
     <span class='ocr_line' id='line_1_26' title="bbox 521 3393 1794 3493; baseline -0.005 -23"><span class='ocrx_word' id='word_1_193' title='bbox 521 3395 611 3470; x_wconf 90' lang='lat' dir='ltr'><strong>teris</strong></span> <span class='ocrx_word' id='word_1_194' title='bbox 637 3395 902 3478; x_wconf 87' lang='lat' dir='ltr'><strong>civitatibus&amp;</strong></span> <span class='ocrx_word' id='word_1_195' title='bbox 928 3395 1030 3471; x_wconf 91' lang='lat' dir='ltr'><strong>villis</strong></span> <span class='ocrx_word' id='word_1_196' title='bbox 1055 3393 1216 3482; x_wconf 89' lang='lat' dir='ltr'><strong>colitur,</strong></span> <span class='ocrx_word' id='word_1_197' title='bbox 1241 3393 1349 3470; x_wconf 84' lang='lat' dir='ltr'><strong>firma</strong></span> <span class='ocrx_word' id='word_1_198' title='bbox 1370 3393 1602 3493; x_wconf 84' lang='lat' dir='ltr'><strong>praecipimus</strong></span> <span class='ocrx_word' id='word_1_199' title='bbox 1634 3394 1794 3468; x_wconf 75' lang='lat' dir='ltr'><strong>autimi..</strong></span> 
     </span>
    </p>
   </div>
   <div class='ocr_carea' id='block_1_6' title="bbox 366 3497 1792 3597">
    <p class='ocr_par' dir='ltr' id='par_1_6' title="bbox 366 3497 1792 3597">
     <span class='ocr_line' id='line_1_27' title="bbox 366 3497 1792 3597; baseline 0 -25"><span class='ocrx_word' id='word_1_200' title='bbox 366 3529 373 3548; x_wconf 87' lang='lat'><strong>·</strong></span> <span class='ocrx_word' id='word_1_201' title='bbox 443 3573 455 3592; x_wconf 70' lang='lat'><strong>,</strong></span> <span class='ocrx_word' id='word_1_202' title='bbox 523 3509 611 3572; x_wconf 86' lang='lat' dir='ltr'><strong>tate.</strong></span> <span class='ocrx_word' id='word_1_203' title='bbox 639 3497 679 3572; x_wconf 91' lang='lat' dir='ltr'><strong>Si</strong></span> <span class='ocrx_word' id='word_1_204' title='bbox 698 3499 779 3595; x_wconf 92' lang='lat' dir='ltr'><strong>quis</strong></span> <span class='ocrx_word' id='word_1_205' title='bbox 794 3499 906 3596; x_wconf 92' lang='lat' dir='ltr'><strong>igitur</strong></span> <span class='ocrx_word' id='word_1_206' title='bbox 926 3497 1096 3597; x_wconf 91' lang='lat' dir='ltr'><strong>idipsum</strong></span> <span class='ocrx_word' id='word_1_207' title='bbox 1118 3517 1323 3572; x_wconf 84' lang='lat' dir='ltr'><strong>mercatum</strong></span> <span class='ocrx_word' id='word_1_208' title='bbox 1346 3498 1514 3592; x_wconf 88' lang='lat' dir='ltr'><strong>frangere</strong></span> <span class='ocrx_word' id='word_1_209' title='bbox 1539 3497 1792 3594; x_wconf 84' lang='lat' dir='ltr'><strong>temptaverit,</strong></span> 
     </span>
    </p>
   </div>
   <div class='ocr_carea' id='block_1_7' title="bbox 522 3596 1852 4188">
    <p class='ocr_par' dir='ltr' id='par_1_7' title="bbox 522 3596 1794 4120">
     <span class='ocr_line' id='line_1_28' title="bbox 524 3596 1793 3697; baseline 0.001 -23"><span class='ocrx_word' id='word_1_210' title='bbox 524 3613 589 3674; x_wconf 90' lang='lat' dir='ltr'><strong>aut</strong></span> <span class='ocrx_word' id='word_1_211' title='bbox 605 3598 642 3673; x_wconf 93' lang='lat' dir='ltr'><strong>in</strong></span> <span class='ocrx_word' id='word_1_212' title='bbox 656 3597 781 3696; x_wconf 86' lang='lat' dir='ltr'><strong>aliqua</strong></span> <span class='ocrx_word' id='word_1_213' title='bbox 795 3623 834 3676; x_wconf 89' lang='lat' dir='ltr'><strong>re</strong></span> <span class='ocrx_word' id='word_1_214' title='bbox 860 3601 1077 3687; x_wconf 86' lang='lat' dir='ltr'><strong>violaverit,</strong></span> <span class='ocrx_word' id='word_1_215' title='bbox 1103 3597 1192 3674; x_wconf 89' lang='lat' dir='ltr'><strong>sciat</strong></span> <span class='ocrx_word' id='word_1_216' title='bbox 1206 3598 1241 3674; x_wconf 90' lang='lat' dir='ltr'><strong>se</strong></span> <span class='ocrx_word' id='word_1_217' title='bbox 1254 3596 1538 3697; x_wconf 77' lang='lat' dir='ltr'><strong>compositurum</strong></span> <span class='ocrx_word' id='word_1_218' title='bbox 1553 3597 1713 3673; x_wconf 90' lang='lat' dir='ltr'><strong>nostrum</strong></span> <span class='ocrx_word' id='word_1_219' title='bbox 1722 3597 1793 3675; x_wconf 88' lang='lat' dir='ltr'><strong>im·</strong></span> 
     </span>
     <span class='ocr_line' id='line_1_29' title="bbox 522 3700 1794 3799; baseline 0.002 -26"><span class='ocrx_word' id='word_1_220' title='bbox 522 3701 701 3799; x_wconf 89' lang='lat' dir='ltr'><strong>perialem</strong></span> <span class='ocrx_word' id='word_1_221' title='bbox 718 3702 893 3779; x_wconf 87' lang='lat' dir='ltr'><strong>bannum.</strong></span> <span class='ocrx_word' id='word_1_222' title='bbox 946 3703 1131 3782; x_wconf 88' lang='lat' dir='ltr'><strong>Volumus</strong></span> <span class='ocrx_word' id='word_1_223' title='bbox 1144 3702 1295 3798; x_wconf 89' lang='lat' dir='ltr'><strong>quidem</strong></span> <span class='ocrx_word' id='word_1_224' title='bbox 1309 3700 1348 3778; x_wconf 83' lang='lat' dir='ltr'><strong>dt</strong></span> <span class='ocrx_word' id='word_1_225' title='bbox 1372 3700 1444 3775; x_wconf 88' lang='lat' dir='ltr'><strong>hoc</strong></span> <span class='ocrx_word' id='word_1_226' title='bbox 1466 3701 1680 3776; x_wconf 74' lang='lat' dir='ltr'><strong>cuntiorum</strong></span> <span class='ocrx_word' id='word_1_227' title='bbox 1699 3700 1794 3777; x_wconf 88' lang='lat' dir='ltr'><strong>noti·</strong></span> 
     </span>
     <span class='ocr_line' id='line_1_30' title="bbox 522 3800 1792 3904; baseline 0 -28"><span class='ocrx_word' id='word_1_228' title='bbox 522 3802 586 3878; x_wconf 83' lang='lat' dir='ltr'><strong>tiae</strong></span> <span class='ocrx_word' id='word_1_229' title='bbox 602 3800 810 3898; x_wconf 88' lang='lat' dir='ltr'><strong>subjacere,</strong></span> <span class='ocrx_word' id='word_1_230' title='bbox 837 3803 937 3902; x_wconf 91' lang='lat' dir='ltr'><strong>quod</strong></span> <span class='ocrx_word' id='word_1_231' title='bbox 953 3828 1018 3904; x_wconf 91' lang='lat' dir='ltr'><strong>pro</strong></span> <span class='ocrx_word' id='word_1_232' title='bbox 1032 3825 1158 3878; x_wconf 90' lang='lat' dir='ltr'><strong>amore</strong></span> <span class='ocrx_word' id='word_1_233' title='bbox 1185 3803 1334 3891; x_wconf 91' lang='lat' dir='ltr'><strong>divino,</strong></span> <span class='ocrx_word' id='word_1_234' title='bbox 1360 3803 1569 3898; x_wconf 77' lang='lat' dir='ltr'><strong>animaeque</strong></span> <span class='ocrx_word' id='word_1_235' title='bbox 1594 3801 1725 3880; x_wconf 72' lang='lat' dir='ltr'><strong>nostre</strong></span> <span class='ocrx_word' id='word_1_236' title='bbox 1737 3825 1792 3876; x_wconf 92' lang='lat' dir='ltr'><strong>re·</strong></span> 
     </span>
     <span class='ocr_line' id='line_1_31' title="bbox 524 3901 1792 4006; baseline 0.002 -29"><span class='ocrx_word' id='word_1_237' title='bbox 524 3904 646 3979; x_wconf 89' lang='lat' dir='ltr'><strong>medio</strong></span> <span class='ocrx_word' id='word_1_238' title='bbox 663 3921 849 3982; x_wconf 91' lang='lat' dir='ltr'><strong>monetam</strong></span> <span class='ocrx_word' id='word_1_239' title='bbox 867 3908 906 3982; x_wconf 93' lang='lat' dir='ltr'><strong>in</strong></span> <span class='ocrx_word' id='word_1_240' title='bbox 919 3906 1075 4006; x_wconf 86' lang='lat' dir='ltr'><strong>praefato</strong></span> <span class='ocrx_word' id='word_1_241' title='bbox 1088 3905 1170 3978; x_wconf 88' lang='lat' dir='ltr'><strong>loco</strong></span> <span class='ocrx_word' id='word_1_242' title='bbox 1200 3903 1412 3984; x_wconf 79' lang='lat' dir='ltr'><strong>Wnrnlru&#39;m</strong></span> <span class='ocrx_word' id='word_1_243' title='bbox 1426 3903 1475 3982; x_wconf 93' lang='lat' dir='ltr'><strong>ad</strong></span> <span class='ocrx_word' id='word_1_244' title='bbox 1483 3904 1685 3981; x_wconf 88' lang='lat' dir='ltr'><strong>utilitatem</strong></span> <span class='ocrx_word' id='word_1_245' title='bbox 1697 3901 1792 3999; x_wconf 87' lang='lat' dir='ltr'><strong>ejus·</strong></span> 
     </span>
     <span class='ocr_line' id='line_1_32' title="bbox 525 4003 1793 4120; baseline -0.001 -41"><span class='ocrx_word' id='word_1_246' title='bbox 525 4003 613 4081; x_wconf 91' lang='lat' dir='ltr'><strong>dem</strong></span> <span class='ocrx_word' id='word_1_247' title='bbox 634 4008 844 4102; x_wconf 80' lang='lat' dir='ltr'><strong>monasterii</strong></span> <span class='ocrx_word' id='word_1_248' title='bbox 875 4007 1043 4110; x_wconf 62' lang='lat' dir='ltr'><strong>larissam</strong></span> <span class='ocrx_word' id='word_1_249' title='bbox 1059 4005 1099 4082; x_wconf 91' lang='lat' dir='ltr'><strong>in</strong></span> <span class='ocrx_word' id='word_1_250' title='bbox 1123 4005 1311 4106; x_wconf 87' lang='lat' dir='ltr'><strong>proprium</strong></span> <span class='ocrx_word' id='word_1_251' title='bbox 1330 4005 1577 4098; x_wconf 84' lang='lat' dir='ltr'><strong>tradidimus,</strong></span> <span class='ocrx_word' id='word_1_252' title='bbox 1602 4007 1724 4120; x_wconf 72' lang='lat' dir='ltr'><strong>quod,</strong></span> <span class='ocrx_word' id='word_1_253' title='bbox 1750 4016 1793 4079; x_wconf 87' lang='lat' dir='ltr'><strong>ut</strong></span> 
     </span>
    </p>

    <p class='ocr_par' dir='ltr' id='par_1_8' title="bbox 703 4123 1852 4188">
     <span class='ocr_line' id='line_1_33' title="bbox 703 4123 1852 4188; baseline -0.005 -2"><span class='ocrx_word' id='word_1_254' title='bbox 703 4123 707 4132; x_wconf 89' lang='grc'><strong>“</strong></span> <span class='ocrx_word' id='word_1_255' title='bbox 1618 4127 1740 4188; x_wconf 85' lang='lat' dir='ltr'><strong>venus</strong></span> <span class='ocrx_word' id='word_1_256' title='bbox 1848 4175 1852 4180; x_wconf 81' lang='grc'>.</span> 
     </span>
    </p>
   </div>
   <div class='ocr_carea' id='block_1_8' title="bbox 0 0 2014 5417">
    <p class='ocr_par' dir='ltr' id='par_1_9' title="bbox 0 0 2014 5417">
     <span class='ocr_line' id='line_1_34' title="bbox 0 0 2014 5417; baseline 0 0"><span class='ocrx_word' id='word_1_257' title='bbox 0 0 2014 5417; x_wconf 95' lang='lat' dir='ltr'><strong> </strong></span> 
     </span>
    </p>
   </div>
  </div>
 </body>
</html>
