4000 5417
526 435 629 515 Sne.
655 436 764 519 VIII
791 438 990 517 Cnnoro
1016 460 1159 519 nean.
1369 502 1374 511 .
1412 474 1459 547 19

190 606 541 627 m
939 608 1464 631 *effi

189 656 1463 685 *ffl****

463 914 470 921 ·
516 884 654 976 Caroli
679 736 889 1005 maglillse
915 886 1153 981 Obbrnhrim

189 1063 395 1193 Cinorus
408 1054 527 1151 gratia
541 1054 611 1129 Dei
626 1076 690 1129 rex
698 1054 923 1130 Francorum
936 1055 974 1133 dt
992 1056 1332 1153 Longobardorum,
1348 1056 1405 1135 vir
1415 1057 1458 1135 il·

263 1158 385 1233 luller.
408 1157 588 1253 Quicquid
602 1156 701 1231 enim
727 1156 775 1231 ad
789 1156 869 1233 loca
882 1156 1082 1235 ianitorum
1098 1160 1363 1235 venerabilium
1377 1184 1461 1237 con·

189 1274 361 1360 gruenter
374 1262 421 1333 ob
448 1281 612 1334 amorem
640 1258 708 1331 Dei
734 1259 965 1335 concedimus
990 1262 1050 1337 vel
1077 1262 1365 1351 confirmamus,
1391 1262 1461 1337 hoc

189 1364 295 1441 nobis
320 1361 581 1461 proculdubio
606 1360 654 1434 ad
680 1374 856 1435 aeternam
878 1361 1140 1439 beatitudinem
1166 1365 1326 1439 Domino
1340 1378 1461 1463 prote-
1557 1364 1563 1370 '

191 1481 297 1563 gente
311 1464 490 1564 pertinere
503 1460 735 1537 considImus
758 1462 982 1561 Quapropter
989 1479 1118 1541 notum
1132 1465 1176 1541 srt
1188 1467 1359 1543 omnibus
1372 1466 1462 1541 lide-

189 1569 288 1644 libus
310 1566 436 1641 nostris
459 1619 468 1651 ,
494 1565 659 1662 eoquod
685 1578 832 1662 propter
856 1588 989 1641 nomen
1002 1568 1151 1641 Domini
1177 1567 1215 1644 dt
1234 1569 1369 1645 animae
1394 1590 1461 1643 no-

189 1668 270 1746 strae
291 1668 495 1743 remedium
516 1668 698 1742 donamus
725 1664 773 1739 ad
799 1666 1051 1743 monasterium
1070 1668 1253 1756 nostrum,
1286 1670 1383 1768 quod
1402 1670 1457 1743 di·

189 1772 285 1845 citur
310 1770 549 1855 Lourrrhum,
576 1768 639 1843 ubi
659 1788 792 1865 corpus
814 1766 1010 1843 saniiillimi
1030 1770 1205 1869 martyrjs
1230 1770 1376 1847 Nazarii
1402 1792 1457 1846 re-

191 1870 387 1946 conditum
409 1869 483 1956 est,
509 1869 548 1944 δι
574 1869 840 1943 Gundelandus
867 1868 980 1944 abbas
1000 1868 1146 1967 praeesse
1161 1870 1321 1957 videtur,
1346 1874 1459 1945 dona·

193 1988 352 2067 tumque
374 1972 412 2043 in
433 1984 648 2069 perpetuum
675 1970 811 2045 ibidem
833 1970 882 2045 ad
914 1970 1029 2067 ipsum
1054 1970 1178 2044 locum
1191 1967 1258 2043 esse
1271 1972 1460 2057 volumus,

191 2073 266 2149 hoc
281 2072 348 2159 est,
377 2071 503 2146 villam
517 2072 681 2169 aliquam
696 2085 970 2169 nuncupantem
998 2068 1191 2143 Obbcnlrcim
1205 2068 1309 2143 sitam
1322 2071 1361 2143 in
1371 2094 1463 2167 pago

196 2170 445 2270 Wormaticnse
469 2172 740 2269 superlluvium
766 2172 937 2259 Rhenum,
964 2194 1051 2245 cum
1074 2170 1175 2243 omni
1189 2171 1318 2246 merito
1333 2168 1465 2246 &soli-

188 2276 306 2350 ditate
329 2272 414 2361 sua,
440 2272 478 2349 dt
498 2274 668 2371 quicquid
701 2272 749 2347 ad
781 2262 940 2369 eandem
969 2272 1101 2346 villam
1127 2272 1290 2365 legitime
1309 2269 1464 2369 aspicere

188 2377 250 2452 vel
264 2376 443 2475 pertinere
457 2376 619 2463 videtur,
645 2374 771 2461 idest,
799 2397 887 2448 cum
908 2373 1036 2461 terrie,
1062 2373 1259 2460 domibus,
1286 2372 1460 2459 aedificiis,

191 2479 336 2565 accolis,
351 2477 557 2575 mancipiis,
584 2475 721 2564 vineIS,
749 2474 881 2571 sylvis,
895 2474 1054 2571 campis,
1069 2474 1202 2571 pratis,
1227 2473 1384 2573 pascuis,
1403 2474 1459 2549 in·

190 2580 300 2667 sulis,
327 2581 446 2676 aquis,
466 2598 693 2676 aquammve
708 2576 944 2663 decursibus,
969 2573 1227 2651 mobilibus&
1260 2576 1456 2652 Immobili·

190 2684 285 2767 bus,
310 2704 395 2757 cum
408 2682 575 2757 omnibus
590 2678 805 2777 adjacentiis
820 2679 879 2753 vel
908 2677 1153 2777 appenditiis,
1180 2700 1268 2753 cum
1284 2678 1457 2769 omnibus

192 2780 421 2859 terminis&
442 2782 599 2869 marchis
623 2782 719 2867 luis,
745 2780 921 2877 quicquid
938 2780 985 2855 ad
1006 2778 1120 2879 ipsam
1142 2780 1269 2859 villam
1295 2780 1457 2879 superius

195 2882 427 2957 nominatam
442 2880 605 2976 partibus
619 2880 744 2953 nostris
756 2882 900 2973 legibus
913 2880 1069 2979 aspicere
1083 2882 1243 2969 videtur,
1271 2896 1391 2957 totum
1416 2880 1456 2957 dt

192 2984 242 3061 ad
258 2983 441 3077 integrum
457 2981 635 3054 inaniore
650 2980 716 3053 Dei
734 2982 791 3053 vel
807 2982 1010 3057 reverentia
1023 2981 1182 3082 praecelsi
1199 2984 1372 3081 martyris
1380 2982 1456 3059 Na·

193 3086 283 3163 zarii
297 3085 333 3158 in
347 3082 406 3157 die
419 3080 660 3157 dedicationis
674 3078 798 3157 santiae
823 3082 980 3161 ecclesiae
995 3086 1055 3159 vel
1070 3086 1108 3159 in
1124 3086 1362 3162 translatione
1377 3106 1455 3161 cor·

195 3186 356 3289 porissui
376 3209 400 3259 a
424 3185 484 3260 die
507 3181 681 3279 praesente
699 3182 929 3271 concessimus
954 3188 1014 3262 vel
1028 3187 1068 3260 in
1081 3188 1251 3263 omnibus
1263 3188 1456 3261 confirma·

195 3292 329 3365 vimus.
356 3282 592 3363 Similiter&
607 3280 709 3357 illam
726 3298 861 3359 terram
870 3284 1056 3379 jacentem
1071 3288 1270 3387 incampo,
1297 3290 1358 3386 qui
1376 3309 1456 3385 per·

195 3394 286 3469 tinet
302 3388 351 3466 ad
382 3382 669 3469 Tireclriderleim,
694 3384 781 3461 sicut
796 3388 843 3461 ab
857 3387 1159 3483 antIquisdiebus
1173 3390 1338 3486 usquein
1363 3410 1457 3485 prae·

195 3494 272 3569 sens
288 3492 418 3567 eadem
433 3500 527 3562 terra
544 3484 722 3583 pertinere
743 3488 934 3561 videbatur
947 3487 995 3561 ad
1020 3486 1230 3575 ecclesiam,
1255 3488 1404 3585 quaeest
1421 3488 1458 3563 ln

196 3592 396 3671 Obbrnheim
417 3588 623 3665 coninua.
639 3588 836 3685 Propterea
848 3588 943 3661 hanc
969 3586 1280 3663 confirmationem
1305 3588 1462 3663 nostram

197 3694 330 3769 exinde
356 3689 527 3766 conscribi
537 3678 728 3786 jussimus,
756 3702 896 3763 uttam
922 3686 992 3786 lpse
1008 3702 1235 3763 memoratus
1260 3689 1372 3777 abba,
1398 3690 1460 3787 qui

198 3818 299 3871 nunc
313 3793 482 3891 temporis
495 3794 630 3869 ibidem
645 3790 712 3867 else
728 3790 889 3878 videtur,
915 3812 1027 3887 quam
1039 3787 1079 3866 dc
1095 3788 1304 3867 successores
1318 3790 1386 3880 sui,
1401 3792 1459 3867 seu
1478 3822 1489 3833 ·

198 3910 353 3993 agentes
373 3892 448 3991 jam
458 3892 736 3975 didaeecclesrae
756 3890 867 3992 ipsam
884 3892 1013 3969 villam
1042 3889 1335 3969 Odbrnheimcum
1360 3892 1458 3971 omni

197 3998 432 4097 integritate,
459 3994 646 4096 adjeilitiis
659 3996 719 4075 vel
732 3995 951 4176 appepditiis
967 3994 1041 4073 suis
1064 3993 1134 4080 ,sub
1155 3996 1368 4075 emunitatis
1391 4022 1457 4071 no·

875 4124 897 4177 a
1311 4124 1410 4177 mine
