4000 5417
498 421 575 514 '294
659 517 662 522 Ι
954 406 1307 494 Tanornrouns

210 804 237 829 ‚e
354 787 359 797 ,
496 719 591 798 villa
603 716 783 816 'legitime
793 715 869 793 visa
885 715 966 795 sum
979 718 1138 827 habere,
1165 733 1244 802 tam
1260 717 1414 809 mansis,
1440 722 1602 822 campis,
1629 723 1773 822 pratis,

368 870 372 879 ,
496 821 657 923 pascuis,
682 819 845 922 perviis,
871 817 989 912 tilvis,
1016 823 1149 920 aquis,
1175 843 1405 922 aquarumve
1420 821 1648 928 decutiibm,
1675 839 1772 902 terra

407 942 413 951 ·
498 925 602 1001 culta
635 921 674 1001 dt
688 921 902 1011 inculta,·&
914 926 1107 1025 mancipiis
1121 980 1133 1014 ‚
1149 925 1187 1001 id
1200 923 1270 1013 est,
1284 923 1505 1003 Teuthilt&
1526 926 1669 1015 Tzeila,
1685 951 1773 1004 cum

408 1053 417 1064 “
499 1025 703 1102 infantibus
718 1047 867 1113 eorum,
894 1026 1093 1117 domibus,
1120 1027 1303 1116 aedificiis,
1329 1027 1456 1102 omnia
1471 1027 1510 1104 dc
1525 1051 1573 1103 ex
1588 1031 1772 1132 omnibus,

498 1143 623 1205 totum
638 1129 676 1205 ὅ(
689 1129 738 1204 ad
751 1128 960 1223 integrum,
972 1129 1151 1228 quidquid
1165 1129 1203 1206 in
1213 1127 1293 1226 jam
1308 1127 1404 1206 ditta
1419 1128 1508 1206 villa
1522 1132 1568 1206 de
1583 1153 1771 1227 germano,

497 1230 693 1329 sororeque
704 1251 789 1304 mea
803 1231 947 1330 accepI,
972 1256 997 1308 a
1010 1233 1068 1310 die
1084 1230 1261 1330 praesente
1275 1231 1320 1308 de
1331 1229 1415 1327 jure
1429 1253 1513 1308 meo
1529 1233 1567 1308 in
1578 1230 1642 1328 jus
1655 1231 1694 1310 dc
1708 1232 1774 1309 do·

498 1332 740 1410 minationem
755 1331 865 1408 inoffi
881 1333 928 1408 N.
945 1335 1077 1422 trado,
1104 1347 1215 1431 atque
1236 1333 1452 1410 transfundo
1467 1333 1507 1408 in
1531 1334 1602 1410 Dei
1624 1335 1774 1412 nomine

498 1436 760 1536 perpetualiter
772 1434 821 1510 ad
833 1433 1107 1533 poffidendum,
1133 1431 1177 1514 85
1194 1437 1327 1533 reliqua
1340 1439 1453 1512 omnia
1466 1456 1597 1532 usque:
1613 1449 1702 1514 tunc
1715 1437 1773 1519 in·

498 1539 597 1616 ferat
611 1562 687 1614 una
701 1559 788 1614 eum
803 1550 959 1634 oogente
972 1537 1059 1614 iiico
1074 1537 1155 1615 auri
1172 1536 1345 1635 onciasjj,
1373 1537 1515 1635 argenti
1529 1539 1691 1638 pondera
1702 1535 1772 1633 jjjj,

329 1700 332 1705 ·
499 1640 539 1720 dr
553 1655 680 1718 tamen
694 1637 743 1716 stc
758 1637 858 1736 quod
868 1639 1003 1740 repetit
1028 1635 1072 1718 δέ
1086 1651 1195 1716 catara
1207 1663 1334 1738 usque:
1362 1641 1483 1716 atium
1498 1639 1538 1714 in
1552 1637 1771 1716 monasterio

336 1733 448 1805 ¹·0&
499 1741 714 1817 lauresham
734 1739 799 1815 sub
822 1741 884 1816 die
903 1741 1082 1818 kalendas
1108 1742 1249 1818 Ostobr.
1277 1741 1437 1840 Signum
1451 1741 1660 1831 Eufemiae,
1686 1762 1773 1838 quae

499 1843 599 1918 hanc
613 1842 851 1918 donationem
864 1842 969 1934 fecit,
995 1841 1142 1941 fignum
1158 1844 1360 1935 Heimrici,
1388 1844 1555 1944 germani
1567 1841 1659 1941 ejus.
1676 1844 1775 1920 Hor·

498 1966 648 2042 nungus
673 1942 820 2044 scripstt.

498 2174 679 2272 Donatio
698 2173 860 2285 liudolfi
873 2173 915 2262 in
904 2043 1342 2382 sspgfflim
1351 2205 1455 2267 anno
1472 2177 1646 2270 XXIII
1657 2175 1780 2290 regni,

506 2365 509 2371 .
602 2286 750 2377 domiai
767 2286 891 2400 nostri
948 2293 1052 2379 arole
1080 2292 1219 2406 magni
1229 2291 1396 2408 glortoſs-
1406 2290 1673 2404 imperatoris.

392 2459 407 2491 ”
503 2467 604 2594 Ego
619 2457 657 2532 in
678 2457 748 2532 Dei
761 2456 909 2534 nomine
934 2459 1082 2534 Rudolf
1098 2461 1195 2536 dono
1208 2457 1438 2554 adfantium
1453 2454 1656 2532 Nazarium
1672 2473 1773 2529 mar·

581 2571 703 2654 tyrem
727 2557 860 2632 Christi
877 2613 888 2648 ,
913 2561 977 2658 qui
998 2558 1192 2658 requiescit
1211 2560 1250 2634 in
1270 2580 1421 2658 corpore
1447 2558 1486 2632 in
1501 2579 1597 2654 pago
1623 2550 1774 2632 Rinenfi

502 2659 543 2735 in
562 2660 796 2748 monasterio,
822 2662 923 2758 quod
936 2673 1090 2738 vocatur
1115 2661 1364 2748 Lauresham,
1391 2655 1435 2738 85
1450 2661 1585 2755 reliquo
1601 2667 1641 2732 ut
1656 2653 1775 2774 sulm!

501 2758 1775 2961 trinittmittttttttttummttnt

501 2968 547 3042 de
562 2966 671 3042 tertio
695 2967 885 3057 Racholii,
912 2991 935 3044 a
950 2969 1012 3044 die
1029 2965 1205 3069 praesente
1220 2965 1326 3042 trado
1340 2977 1453 3062 atque
1479 2961 1719 3050 transfundo,
1731 2973 1775 3038 ut

499 3068 671 3168 deinceps
691 3069 812 3146 eidem
836 3071 918 3146 loco
931 3069 1102 3170 proficiat
1121 3070 1160 3146 in
1185 3083 1429 3164 augmentum
1456 3063 1574 3164 stipul.
1603 3062 1769 3140 subnixa.

319 3186 370 3248 18·
386 3169 473 3236 Febr.
503 3169 641 3247 Adam
658 3172 696 3247 in
710 3169 928 3249 monasterio
953 3170 1169 3270 [aaronem
1187 3169 1251 3246 sub
1265 3168 1325 3247 die
1347 3169 1417 3246 XII
1426 3167 1605 3244 kalendas
1632 3161 1771 3242 Martii.

500 3273 657 3369 Signum
679 3273 856 3364 Rudolfi,
883 3274 947 3372 qui
966 3274 1065 3350 hano
1089 3271 1331 3348 donationem
1352 3271 1466 3359 fecit,
1491 3268 1632 3366 signum
1658 3264 1774 3361 Regi·
1801 3281 1804 3286 ·

501 3376 628 3464 noidi,
652 3377 846 3465 Bubonis,
873 3375 1117 3473 Engelmari,
1143 3373 1377 3454 Herimundi.
1429 3373 1510 3471 Ego
1525 3368 1774 3449 Rudolfusre·

500 3477 658 3576 cognovi
670 3477 879 3577 &rogatus
904 3473 1099 3580 subscript.
1340 3527 1343 3534 ·

1004 3615 1321 3713 mxxiuv.
1491 3631 1493 3636 ’

702 3753 820 3845 Anno
838 3751 941 3847 XV
957 3751 1077 3869 regni
1101 3749 1249 3842 domini
1272 3749 1394 3867 nostri
1423 3751 1583 3847 Kurolr'.

503 3917 606 4044 Ego
622 3909 785 3988 Grimoit
798 3912 895 3988 dono
921 3931 988 4010 pro
1012 3908 1175 3985 remedio
1196 3909 1332 3987 animae
1358 3909 1510 3988 Rudolfi
1532 3911 1580 3988 ad
1614 3907 1776 3986 santium

582 4011 808 4104 Naiadum,¹
832 4012 897 4113 qui
909 4009 1101 4115 requiescit
1115 4011 1155 4092 in
1169 4011 1386 4092 monasterio
1411 4014 1652 4099 Lauresham,
1668 4012 1775 4188 qtduid-

1633 4133 1695 4214 qut
