4000 5417
472 443 530 501 nt
556 440 684 500 rano
709 421 1094 547 Lononurunsr.
1348 448 1418 537 593

665 722 944 817 DCCXLIV·
1090 771 1094 779 ·

329 856 430 947 Item
450 851 494 941 in
522 854 649 940 rodem
672 853 761 940 vicu
789 852 954 941 donatio
987 850 1056 943 W
1048 850 1230 962 olflionis.

144 1035 195 1163 In
209 1020 344 1101 Christi
362 1022 513 1097 nomine
527 1043 598 1117 ego
622 1018 794 1101 Wofflioz
810 1040 875 1121 pro
889 1015 1052 1095 remedio
1068 1016 1204 1097 atrimae
1219 1023 1415 1101 meaedono
1456 1024 1460 1030 ’

196 1126 241 1201 ad
261 1125 422 1200 [anitum
449 1122 654 1200 Nazarium
680 1120 812 1199 Christi
832 1136 1037 1218 martyrem
1059 1120 1129 1197 &a
1156 1122 1196 1197 in
1221 1124 1415 1219 Bergeheim
1496 1132 1497 1137 ’

144 1241 317 1323 quartam
330 1240 474 1326 partem
490 1225 600 1300 unius
614 1223 729 1299 mansi
743 1222 781 1299 δι
802 1249 854 1299 xv
864 1221 999 1318 jurnai.
1026 1223 1071 1299 de
1089 1236 1186 1300 terra
1200 1226 1362 1302 araturia
1377 1227 1416 1304 δι

141 1343 292 1427 pratum
307 1326 380 1424 adj
408 1349 499 1403 carr.
516 1325 609 1414 feni,
635 1323 727 1402 &in
753 1322 796 1401 V
792 1324 986 1421 Vrbilr'ngea
1013 1325 1188 1424 quidquid
1208 1326 1282 1425 adj
1310 1351 1415 1429 manq

142 1430 222 1505 sum
237 1432 412 1529 pertinet,
428 1428 620 1516 domibus,
637 1425 804 1505 aedificiis
819 1464 830 1514 ·‚
845 1439 927 1502 tam
948 1428 1071 1517 terris,
1096 1430 1260 1529 campis,
1285 1432 1412 1529 pratis,
1572 1450 1575 1458 ⁴

141 1531 305 1629 pascuis,
331 1530 484 1631 perviis,
510 1525 629 1618 silvis,
654 1530 783 1626 aquis,
809 1550 1040 1625 aquarumve
1052 1527 1289 1622 decurfibus,
1316 1534 1412 1609 adie

141 1632 306 1729 praesenti
321 1647 363 1707 ut
389 1634 437 1706 ad
458 1631 578 1729 ipsum
603 1632 729 1705 locum
749 1630 909 1706 sanetum
926 1629 1117 1728 proficiant
1132 1633 1169 1706 in
1190 1635 1413 1730 augmentis.

141 1730 280 1806 Atium
296 1733 334 1805 in
358 1732 575 1807 monasterio
594 1724 813 1807 'lauresham
828 1731 1057 1830 stipulatione
1075 1730 1246 1822 subnixa,
1271 1736 1322 1812 VI
1347 1737 1415 1810 ka-

142 1833 270 1908 lendas
284 1833 402 1934 Junii‚
429 1856 526 1907 anno
546 1831 687 1910 XXVII
701 1833 806 1930 regni
833 1832 975 1907 domini
991 1831 1101 1907 nostri
1126 1835 1253 1909 Karoli
1261 1835 1413 1932 gloriosi
1444 1866 1497 1936 27.
1511 1852 1583 1940 maj.

140 1935 251 2029 regis.
303 1935 462 2030 Signum
483 1932 676 2031 Woiflioz,
702 1935 877 2035 quihanc
902 1934 1139 2012 donationem
1159 1934 1257 2013 fecit
1310 1937 1413 2034 Sige·
1571 1973 1576 1989 ·

141 2034 223 2110 rich
250 2033 395 2136 scripfit.
454 2070 466 2093 ·
1007 2120 1011 2128 .

655 2136 913 2229 DCCXLV.

374 2260 556 2375 Dormio
591 2260 810 2352 Udillrr‘ldis
838 2262 881 2348 in
910 2264 1037 2351 rodem
1064 2266 1166 2354 vicu.

137 2437 238 2564 Ego
252 2426 412 2505 Udilhilt
423 2452 490 2527 pro
504 2429 668 2547 remedio
677 2430 817 2547 animae
823 2451 918 2506 meoe
932 2430 1030 2505 dono
1046 2432 1094 2544 ari
1109 2426 1270 2508 santium
1278 2430 1409 2550 Chriiii
1456 2516 1460 2527 ⁵
1518 2480 1521 2485 -
1567 2520 1578 2532 ‚

213 2544 418 2624 martyrem
451 2532 499 2606 N.
527 2554 566 2605 m
586 2529 795 2646 Bergeiurm·
801 2552 816 2625 J
843 2529 982 2645 hubam
996 2530 1081 2647 ιὰ]
1108 2533 1274 2649 manium
1289 2534 1327 2609 &
1353 2558 1409 2611 vr·

134 2629 407 2806 mmeritis
425 2630 620 2811 iffi
635 2632 823 2809 XXX
840 2632 1409 2812 imitatuturum·

134 2829 395 2914 Liebheidam,
410 2754 780 2929 &Jca11'1pis‚gpratis‚
806 2786 965 2927 nasonis,
979 2788 1134 2931 perviis:
1161 2835 1272 2923 silvis,
1289 2790 1408 2933 aquis:

137 2946 366 3025 aquarumve
381 2929 615 3014 decursibus,
640 2932 701 3005 vel
722 2931 904 3024 quidquid
921 2931 1058 3007 ibidem
1077 2933 1220 3019 habui,
1247 2939 1353 3010 trado
1368 2938 1409 3013 in
1470 2948 1471 2951 ’

135 3030 205 3104 Dei
218 3028 367 3103 nomine
380 3028 638 3127 perpetualiter
648 3030 700 3103 ad
725 3028 971 3126 poffidendum
985 3030 1217 3128 stipulatione
1240 3035 1405 3112 subnixa.

133 3129 272 3209 Atium
289 3130 326 3203 in
342 3126 556 3205 monasterio
583 3129 795 3204 lauresham
811 3128 876 3204 sub
892 3128 953 3203 die
968 3130 1005 3217 X
1020 3131 1199 3207 kalendas
1224 3134 1406 3216 Novemb.
1436 3176 1489 3242 23.
1513 3155 1585 3225 oet.

134 3255 231 3306 anno
252 3230 396 3307 XXXV
429 3230 532 3327 regni
547 3230 685 3306 domini
712 3228 821 3304 nostri
846 3232 973 3307 Karoii
989 3232 1133 3328 gloriosi
1160 3232 1405 3333 imperatoris.

131 3334 289 3431 Signum
306 3331 531 3431 Engirberti,
558 3330 778 3422 Eberuuini,
804 3332 964 3409 Einoldi.
993 3332 1242 3431 Reginbertus
1258 3336 1404 3438 scripsrt.

443 3522 458 3543 ⁴
620 3544 897 3639 DCCXLVI·
974 3638 982 3644 .

372 3690 553 3778 Duratio
586 3692 826 3804 Werirrgerr'
854 3692 896 3777 in
922 3690 1049 3779 eodem
1072 3692 1173 3780 vicu.

131 3865 232 3995 Ego
247 3854 286 3930 in
310 3854 380 3929 Dei
396 3860 543 3934 nomine
558 3835 864 3977 weringerrlqno
881 3880 946 3958 pro
971 3841 1134 3938 remedio
1152 3857 1285 3980 animae
1311 3881 1425 3983 mem·
1471 3881 1480 3969 j

209 3957 258 4038 ad
273 3955 436 4036 santium
461 3959 664 4042 Nazarrum
690 3962 822 4043 Christi
843 3975 1048 4061 martyrem
1064 3963 1134 4043 διο.
1157 3987 1172 4062 J
1198 3987 1408 4144 vmffim
1546 4026 1549 4033 Δ
