4000 5417
541 413 599 470 ru
626 391 1160 476 ursosouoouusnsr.
1397 425 1470 502 5¹3
1547 391 1551 398 “

196 559 729 586 w

777 692 914 788 DLV.

446 823 631 918 Duratio
654 822 890 917 Biriclrom's
906 824 949 913 in
972 827 1103 919 eadem
1122 826 1229 916 aissa.

193 979 328 1134 Anno
341 994 413 1075 XV
429 992 533 1089 regui
549 991 688 1068 domini
706 991 814 1068 nostri
839 991 880 1068 Pi
906 994 986 1093 pini·
996 992 1141 1092 gloriosa
1162 994 1279 1090 regis,
1304 1014 1376 1091 ego
1401 994 1466 1073 Bi·-

179 1107 186 1113 “
281 1098 382 1172 richo
405 1117 471 1195 pro
498 1096 625 1170 anima
643 1092 730 1172 filiae
753 1019 1090 1210 ηιεφίἰιιῑάωάω
1113 1096 1211 1174 dono
1233 1097 1280 1172 ad
1303 1096 1467 1173 sanarum

194 1199 264 1276 Dei
287 1199 488 1276 Nazarium
515 1211 718 1293 martyrem
739 1195 811 1274 &o
834 1219 874 1293 ω
886 1195 1027 1293 jurnal.
1053 1202 1218 1276 deterre
1240 1199 1402 1275 aratoria
1426 1199 1466 1274 in

193 1301 437 1377 Moanrnhrim
461 1324 484 1376 a
505 1299 565 1376 die
598 1298 772 1398 praesente
793 1298 840 1374 de
857 1297 939 1394 jure
960 1303 1098 1378 meoin
1114 1299 1177 1400 jus
1197 1301 1236 1379 dr
1260 1300 1469 1377 dominium

195 1403 306 1480 sanni
322 1401 471 1480 Nazarii
496 1401 602 1478 trado
619 1416 730 1498 atque
745 1402 962 1478 transfundo
984 1404 1025 1480 in
1049 1405 1118 1482 Dei
1133 1403 1282 1481 nomine
1297 1415 1467 1503 perpetu·

193 1505 302 1582 aliter
316 1505 365 1580 ad
379 1502 645 1605 possrdendum,
666 1501 896 1602 stipulatione
914 1505 1079 1583 subnixa.
1133 1506 1270 1584 Atium
1285 1506 1324 1582 in
1337 1528 1467 1580 mona·
1547 1533 1551 1538 ·

190 1605 298 1683 st'erio
323 1605 537 1682 merirum
552 1607 623 1686 XV
637 1604 818 1681 kalendas
845 1603 1074 1684 Decembris.
1124 1609 1281 1704 Signum
1297 1607 1467 1685 Biricho-
1499 1629 1550 1698 17·
1563 1608 1646 1680 Nor.

192 1709 280 1797 nis,
307 1709 369 1805 qui
393 1708 492 1783 hanc
518 1708 756 1784 donationem
788 1705 877 1784 fecit
898 1708 937 1786 dt
962 1710 1103 1785 firmari
1124 1710 1297 1806 rogavit,
1322 1708 1469 1805 signum

193 1809 396 1896 Trutberti,
422 1810 623 1899 waimari,
650 1809 868 1897 Lamberti,
894 1809 1144 1901 Adalmundi,
1170 1810 1367 1900 Ruthardi,
1381 1812 1469 1886 Bal·

90 1989 94 1998 ,
192 1911 315 2002 duini,
343 1910 570 1996 Wolshardi.
624 1910 854 1989 Harilaudus
870 1911 1015 2012 scripio

300 2239 483 2340 Duratio
512 2239 680 2334 Grraldr‘
707 2111 1010 2339 &Dfflrudis
1037 2238 1081 2329 in
1105 2242 1235 2330 rudem
1258 2240 1365 2330 villu.

190 2417 242 2548 Iu
255 2407 385 2486 eodem
412 2433 509 2485 anno
532 2433 602 2508 ego
628 2408 813 2485 Geraldus
829 2407 868 2486 &
892 2408 1090 2486 Ruttrudis
1116 2409 1251 2508 pariter
1282 2411 1466 2485 donamus
1603 2500 1606 2504 Α

241 2534 306 2612 pro
333 2511 401 2586 Dei
415 2513 569 2600 iutuitu,
595 2512 658 2588 vel
672 2534 737 2611 pro
754 2511 889 2589 animae
904 2511 1032 2588 nostrae
1053 2511 1216 2586 remedio
1239 2511 1289 2587 ad
1302 2510 1465 2586 sansium
1544 2558 1548 2564 Α

164 2647 168 2658 ·
190 2611 260 2690 Dei
276 2625 478 2710 martyrem
496 2607 701 2692 Nazarium
710 2611 781 2690 &o
809 2613 990 2711 quidquid
1004 2613 1044 2689 in
1068 2613 1313 2688 Mannrnbeim
1329 2611 1464 2688 habere
1497 2704 1501 2712 Ι
1572 2639 1576 2644 ’

191 2716 385 2803 videmur,
412 2716 512 2812 quod
535 2715 581 2792 de
602 2729 705 2814 parte
732 2717 909 2813 genitoris
924 2715 1035 2791 nostri
1054 2714 1269 2815 Erppbiugi
1285 2714 1392 2791 nobis
1412 2715 1464 2788 le·
1612 2802 1614 2805 ¹
1675 2757 1679 2762 -

192 2816 302 2909 gibus
328 2815 502 2902 obvenit,
527 2817 598 2891 hoc
619 2815 695 2902 est,
721 2827 801 2891 tam
817 2816 978 2905 mansis',
1007 2819 1167 2916 campis,
1192 2816 1301 2905 casts,
1327 2815 1462 2914 pratis,

193 2910 358 3013 pascuis,
383 2914 521 3001 vineis,
546 2913 666 3001 srluis,
680 2917 814 3010 aquis,
840 2939 1069 3012 aquarumve
1084 2917 1309 3005 decursibus,
1337 2915 1464 3001 omnia

195 3016 233 3093 dr
247 3039 294 3090 ex
318 3013 490 3090 omnibus
512 3036 535 3089 a
556 3013 616 3088 die
642 3013 806 3112 praesenti
826 3014 974 3112 dejure
999 3015 1119 3092 nostro
1139 3018 1178 3093 in
1195 3015 1257 3114 jus
1279 3019 1319 3095 dt
1343 3017 1462 3093 domi·

192 3117 298 3200 nium
326 3115 434 3192 fausti
460 3114 608 3192 Nazarii
630 3115 810 3192 tradimus
835 3133 946 3217 atque
975 3119 1270 3196 transfundimus
1295 3133 1462 3219 perpetu·
1574 3203 1580 3210 ,

195 3221 304 3296 aliter
326 3221 375 3294 ad
400 3215 647 3317 possidendum
669 3215 899 3318 stipulatione
922 3219 1087 3297 subnixa.
1141 3219 1279 3298 Atrum
1302 3223 1340 3296 in
1362 3224 1462 3308 loco,

121 3349 124 3352 ·
193 3325 260 3421 qui
274 3321 409 3397 dicitur
432 3319 671 3409 lauresham,
697 3322 842 3419 publice
856 3323 926 3398 XII
941 3323 1120 3398 kalendas
1134 3324 1281 3423 Januar.
1307 3324 1464 3418 Signum
1494 3345 1631 3418 ennae,

194 3424 344 3501 Geraldi
359 3477 369 3512 ,
396 3424 458 3522 qui
473 3424 571 3499 hanc
586 3422 821 3499 donatiouem
834 3425 921 3500 fecit
936 3423 1127 3502 &firmari
1141 3425 1304 3520 rogavit,
1322 3422 1465 3517 sgnum
1576 3480 1589 3488 ..

193 3527 391 3602 Ruttrudis
415 3522 672 3625 uxoris-ejus,
706 3522 850 3622 signum
876 3525 1091 3620 Sigeuuini,
1123 3526 1303 3620 Egionis,
1329 3522 1464 3599 Truth-

194 3626 315 3803 ssraidis,
341 3627 529 3719 wasnufi,
555 3626 762 3718 Hucberti,
788 3626 968 3716 Albasdi,
994 3623 1211 3703 Eberhardi.
1262 3624 1464 3723 Wiglarius
1557 3674 1562 3682 „
1595 3724 1599 3730 ἱ

212 3729 290 3828 erip
304 3741 342 3805 rt.

722 3991 902 4134 ¹Ttt
1056 4065 1059 4070 ·
1237 3963 1558 4195 ΒΙΝΠ.
1656 4115 1667 4133 .
