4000 5417
488 462 1177 563 SuoXIHuruarco-IVrmn.
1337 463 1343 475 '
1405 491 1477 549 201
1552 549 1555 553 ,

206 683 388 706 ,ψ

214 742 396 858 aediliciis
412 767 525 854 edax
550 765 721 853 flamma
738 756 1003 856 favillatenus
1023 764 1246 858 absorbuit.
1283 767 1398 880 Quae
1417 798 1482 857 ca·

216 882 411 984 lamitaS,
440 876 619 996 qualiter
655 901 729 966 aut
772 881 882 968 unde
910 880 1179 998 promiserit,
1216 904 1484 999 compertaa
1532 950 1534 953 -
1627 901 1633 916 ’

216 998 444 1082 ma'oribus
463 1021 606 1081 rerum
623 992 716 1110 iide,
733 995 927 1109 castigata
956 999 1164 1084 brevitate
1182 991 1482 1196 succingamus·

200 1026 324 1224 ipsi,
343 1135 472 1221 quam
489 1107 1072 1224 praediximus,die,vergente
1086 1112 1175 1222 jam
1191 1112 1235 1195 in
1251 1138 1306 1197 ve
1323 1136 1485 1226 perum,
1526 1115 1529 1121 ’

217 1221 434 1336 postquam
458 1215 655 1338 exemplo
679 1215 854 1306 carnalis
882 1217 1005 1310 Israel
1027 1220 1132 1310 sedit
1167 1219 1348 1339 populus
1374 1250 1489 1308 man·

219 1336 371 1420 ducare
396 1331 445 1419 ‘bt
474 1335 637 1432 bibere,
667 1327 1006 1422 &surrexerunt
1041 1334 1213 1438 ludere,
1243 1335 1352 1422 forte
1379 1337 1489 1422 inter

219 1465 371 1532 caetera
389 1441 586 1532 ludorum
605 1446 827 1548 exercitia,
857 1445 990 1534 discus
1005 1453 1049 1558 in
1065 1471 1260 1538 extrema
1286 1451 1488 1564 marginis

220 1558 341 1662 hora,
354 1579 418 1644 .ut
438 1555 560 1660 solet,
592 1552 787 1643 accensus
804 1555 970 1647 militari
984 1592 1113 1648 manu
1139 1590 1215 1676 per
1237 1592 1336 1650 aera
1352 1565 1488 1651 vibra·
1598 1647 1604 1655 .

222 1670 375 1774 batur,
405 1673 477 1785 qui
506 1673 656 1756 acriori
693 1667 870 1786 impulsu
898 1674 1176 1761 circumadlus
1211 1670 1488 1762 orbicularem

223 1783 408 1870 flammae
436 1779 615 1896 speciem
640 1783 845 1884 reddens,
873 1808 963 1870 tam
987 1787 1165 1871 ostentui
1181 1789 1336 1871 virium
1361 1813 1489 1899 quam

221 1894 353 1980 oculis
371 1896 613 1980 mirantium
632 1886 850 2008 spetiaculi
866 1901 1045 2010 gratiam
1064 1896 1250 1983 exbibet.
1286 1897 1329 1984 ls
1346 1926 1372 1981 a
1388 1924 1490 2010 quo·
1544 1951 1554 1960 -

223 2005 323 2092 dam
339 2035 423 2092 non
450 2029 541 2094 tam
566 2010 815 2121 perniciter,
873 2037 973 2095 uam
1000 2006 1218 2094 infeliciter
1241 2007 1414 2095 tandem
1431 2010 1530 2094 in·*

223 2111 366 2205 tortus
385 2181 396 2221 ,
423 2120 476 2205 ad
488 2115 701 2206 summum
729 2037 908 2208 eoelellae
924 2122 1131 2235 fastigium
1154 2121 1409 2318 irnptrpudenti
1431 2122 1491 2231 ja·

223 2230 293 2334 tto
310 2230 515 2334 evolavit,
545 2233 615 2317 ubi
633 2235 741 2317 inter
759 2231 921 2347 tegulas
937 2235 981 2320 δι
999 2228 1179 2341 cariosos
1194 2263 1219 2317 a
1273 2262 1342 2320 res
1359 2237 1493 2320 artius

221 2341 424 2444 insidens,
453 2346 663 2428 animante
691 2367 821 2430 vento
846 2345 1041 2432 fomitem
1079 2345 1271 2431 incendio
1296 2346 1492 2462 praebuit.

222 2453 339 2562 Quid
357 2453 502 2542 multa.
532 2453 679 2541 Primo
713 2455 922 2543 castellum
952 2455 1133 2544 mirabili
1151 2456 1342 2571 dolatura
1358 2457 1493 2545 fabre·

221 2563 407 2680 fadum,
436 2571 479 2651 in
506 2585 595 2680 quo
620 2567 730 2682 figna
758 2567 938 2675 ecclesrae
964 2571 1018 2655 de
1046 2568 1284 2674 endebant‚
1321 2571 1494 2658 funibus
1536 2569 1540 2577 ’
1609 2593 1614 2607 ’

95 2691 99 2698 ’
223 2679 399 2780 exustis,
418 2709 471 2764 ne
490 2684 584 2792 quis
602 2676 738 2768 sonitu
756 2685 936 2772 excitari
950 2598 1080 2798 pollet
1091 2686 1316 2799 ,'arripuit,
1345 2681 1494 2770 dehinc

76 2801 81 2804 ’
222 2809 360 2876 totam
377 2788 632 2903 superiorem
652 2793 877 2899 fabricam,
894 2816 1034 2882 turres
1053 2823 1222 2910 quoque
1241 2825 1339 2893 cum
1365 2797 1495 2994 porti·
1591 2869 1596 2877 .

167 2987 170 2994 ,
224 2904 343 2985 cibus
357 2899 529 2982 flarnnra
547 2901 704 2988 vidirix
721 2907 933 3008 obtinuit,
959 2908 1013 2994 ad
1031 2931 1274 2996 extremum
1296 2904 1368 2994 bul
1384 2913 1494 2996 'ente

225 3008 386 3210 plumbi
405 3005 612 3122 deliquio,
640 3015 757 3121 cujus
776 3020 966 3103 materiae
993 3047 1119 3108 omne
1145 3021 1305 3110 tettan
1328 3021 1496 3124 fuerat,

207 3131 209 3136 ’
245 3121 525 3224 ubveniendi‚
554 3125 836 3236 ingrediendi,
873 3125 942 3217 vel
968 3135 1185 3251 quippiam
1213 3133 1366 3222 exinde
1404 3163 1497 3222 eru·
1530 3134 1533 3140 ’

227 3237 325 3322 endi
344 3233 632 3322 omnimodam
660 3236 822 3351 abstulit
848 3240 1105 3333 facultatem,
1162 3246 1270 3336 Erat
1293 3245 1394 3334 tunc
1418 3249 1496 3332 mi·
1523 3327 1535 3340 .

205 3344 398 3435 ·seranda
418 3375 560 3433 rerum
576 3345 723 3451 facies,
754 3373 818 3440 tot
833 3353 1034 3470 praeclara
1048 3379 1140 3447 tam
1156 3356 1349 3463 ecclesiae,
1364 3384 1497 3473 quam

226 3464 360 3548 totiu's
376 3459 612 3546 monasterii
630 3461 804 3546 aedifrcia
822 3525 833 3564 ,
862 3488 928 3554 tot
947 3470 1116 3581 insignia
1131 3494 1378 3558 ornamenta
1396 3530 1407 3573 ,
1436 3497 1499 3554 re·

210 3601 214 3612 ·
258 3578 399 3660 entina
416 3571 682 3659 flammarum
700 3575 890 3662 vastitate
908 3577 1130 3682 devorari,
1158 3585 1203 3670 bt
1222 3581 1413 3695 plurimis
1430 3583 1500 3666 ab

227 3603 319 3771 lum
349 3689 410 3770 tis-
451 3685 804 3796 auca-admodum
841 3684 910 3777 vel
935 3715 1063 3795 manu
1089 3690 1259 3780 colletia
1280 3691 1350 3780 vel
1366 3689 1499 3779 securi

233 3795 277 3886 ὃ(
296 3713 401 3880 alcia
421 3714 599 3908 dejesta,
627 3797 791 3890 summo
809 3798 957 3890 sudore
979 3799 1025 3914 dt
1052 3803 1237 3919 periculo
1257 3834 1316 3892 ex
1333 3806 1427 3922 ipfis
1442 3807 1502 3890 in·

234 3908 370 3993 cendii
389 3906 522 4023 globis
542 3915 620 4000 vix
637 3912 814 4002 liberari.
867 3912 1020 4028 Qualis
1038 3937 1133 4004 tum
1151 3915 1390 4032 calamitas,
1403 3947 1502 4034 quae
1581 3953 1588 3962 ·

234 4015 428 4128 miseria,
455 4026 530 4138 ,qui
559 4023 748 4136 elamor,
777 4032 850 4232 qtg
873 4026 1010 4124 lulius
1028 4092 1044 4136 ,.
1068 4034 1142 4147 qui
1166 4033 1503 4240 gemimfsssquae

867 4173 891 4229 e
1055 4249 1074 4258 ,.
1150 4180 1153 4189 ¹
1389 4175 1449 4264 pt-

1381 4296 1388 4311 k
