4000 5417
559 464 614 549 18'
959 457 1146 539 Canon.
1173 480 1235 539 ar
1259 460 1475 543 Canum

556 615 1829 655 ...n--a-—u-n———u-——n-——n—d-m

332 776 478 859 avergit
491 774 542 839 hic
551 761 892 943 subsequente*
930 764 989 851 ost
1005 763 1095 851 baec
1110 794 1232 870 anno,
1247 767 1289 853 id
1304 766 1373 869 est,
1389 766 1630 856 Dominicae
1645 773 1827 857 incama·

343 864 543 1017 ἓξῇοξῐξίξ
637 881 763 965 tionis
788 876 868 967 DC
945 876 1134 981 XXVII,
1152 877 1221 965 sed
1237 910 1263 965 a
1279 878 1522 966 fundatione
1551 883 1633 970 five
1650 885 1828 970 exordio

420 1038 457 1105 ri.
553 990 918 1087 Laureshamenfis
941 992 1176 1077 monasterii
1192 1022 1300 1078 anno
1325 991 1452 1095 XIII,
1481 998 1598 1109 regni
1621 1025 1725 1083 vero
1750 996 1827 1084 Ca-

555 1105 662 1208 roli,
688 1134 746 1191 ex
765 1130 851 1217 quo
877 1102 1073 1190 desundIo
1100 1103 1230 1190 fratre
1256 1102 1329 1191 suo
1358 1103 1638 1194 Carlomanno
1663 1136 1826 1194 monar-

556 1219 647 1305 chia
665 1216 833 1303 adeum
853 1216 1029 1319 transiit,
1048 1247 1157 1303 auno
1173 1217 1247 1321 VI,
1276 1214 1574 1307 Gundelandus
1589 1222 1718 1306 abbas
1735 1248 1826 1335 per·

556 1332 664 1418 fecta
677 1333 763 1441 jain
784 1328 929 1445 templi
953 1330 1136 1433 fabrica,
1165 1330 1210 1418 ὅ(
1240 1353 1290 1419 ut
1307 1331 1481 1417 domum
1513 1332 1597 1420 Dei
1621 1333 1825 1435 decebat,

556 1446 672 1531 omni
689 1440 821 1558 l'pecie
845 1442 1007 1527 decoris
1025 1466 1250 1546 exornata,
1278 1445 1389 1559 apud
1406 1443 1588 1557 Spiream
1608 1446 1825 1531 civitatem

557 1560 646 1671 regi
666 1556 866 1657 occurrit,
896 1580 1149 1753 malgnopere
1166 1556 1218 1641 de
1249 1586 1414 1659 recans,
1441 1580 1489 1641 ut
1505 1557 1626 1672 ipfius
1644 1553 1823 1643 ecclefiae

442 1682 446 1691 '
555 1664 851 1763 consecrationi
868 1695 955 1781 prae
974 1696 1048 1753 ens
1065 1671 1199 1755 intere
1228 1669 1526 1784 edignaretur,
1546 1673 1613 1755 cui
1630 1671 1723 1784 pius
1743 1698 1823 1756 rex
1884 1692 1889 1699 ·

554 1784 729 1895 benigue
750 1776 993 1890 allentiens,
1023 1809 1121 1868 cum
1151 1786 1292 1897 regina
1329 1782 1676 1883 Hrnmnnunn,
1713 1778 1823 1868 filiis-
1891 1789 1895 1797 ’

555 1922 638 2009 que
666 1892 893 1994 Canobo,
920 1892 1118 1999 Panto,
1146 1896 1472 1998 Lunw100,ac
1501 1892 1688 2011 plurimIs
1708 1923 1752 1980 re
1809 1898 1824 1977 i

555 2009 810 2123 principibus
835 2034 910 2119 per
936 2002 1109 2095 Lullum
1146 2009 1406 2123 Maguntiuae
1431 2003 1537 2094 sedis
1562 2008 1738 2122 archiep'
1758 2035 1824 2104 co¹

553 2118 708 2235 pum&
726 2120 837 2204 beati
853 2114 1059 2205 Bonisacii
1075 2116 1253 2236 episcopi
1271 2122 1316 2210 dr
1333 2126 1530 2232 martyris
1546 2117 1823 2219 successorem,

428 2250 433 2257 '
553 2258 677 2345 atque
694 2259 807 2346 pere
837 2226 996 2345 iscopos
1013 2232 1313 2346 lllegingozum
1331 2295 1343 2333 ,
1371 2233 1664 2333 Wiomudum,
1681 2229 1822 2345 Augil-

557 2370 779 2445 rammum,
795 2260 1053 2435 d'aldricum
1068 2343 1288 2457 magnifico
1306 2375 1330 2430 a
1359 2342 1571 2458 paratu&
1583 2339 1821 2429 summave·

468 2563 474 2569 ¹
555 2458 769 2541 neratione
797 2458 839 2538 in
866 2458 1000 2571 capite
1026 2452 1294 2541 kalendarum
1325 2374 1636 2570 septembrium
1660 2454 1821 2539 dedica·

554 2570 714 2653 tionem
722 2567 906 2678 ejusdem
917 2566 1095 2655 ecclefiae
1103 2565 1338 2671 celebravit,
1353 2569 1822 2683 corpusquebeatimar·

557 2680 665 2791 tyris'
683 2679 726 2767 N
728 2682 866 2781 azarii,
885 2681 1043 2766 domini
1061 2680 1105 2768 oz
1122 2684 1286 2796 patroni
1302 2681 1439 2782 nostri,
1459 2683 1499 2765 in
1519 2709 1613 2765 eam
1630 2682 1822 2767 maximo

555 2792 793 2879 devotionis
811 2793 968 2879 honore
985 2792 1208 2896 transtulit,
1236 2796 1309 2880 ubi
1325 2818 1482 2909 quanta
1496 2790 1707 2907 miracula,
1724 2798 1833 2906 quae'

556 2908 763 2993 'virtutum
785 2908 954 3022 insignia
970 2934 1046 3023 per
1062 2908 1184 3022 ipsius
1201 2910 1352 2994 merita
1366 2908 1568 2994 divinitus
1584 2902 1822 3010 effulserint,

559 3044 716 3129 quanta
730 3050 788 3107 ex
805 3019 973 3107 diversis
990 3022 1170 3124 morbis,
1199 3021 1356 3107 casibus
1373 3082 1384 3121 ,
1402 3015 1602 3119 miseriis,
1628 3020 1822 3133 angustiis

556 3132 739 3218 remedia
755 3162 832 3249 pro
850 3155 1027 3235 extunc,
1053 3131 1098 3223 bc
1124 3133 1318 3249 deinceps
1343 3133 1635 3248 provenerint,
1663 3132 1823 3217 nonest
1891 3167 1903 3181 ·
1991 3125 1992 3184 l

555 3244 704 3331 nostrae
721 3243 930 3333 facultatis
948 3242 1157 3334 evolvere.
1187 3244 1426 3331 Praesertim
1442 3274 1538 3329 eum
1553 3243 1601 3327 fit
1617 3241 1669 3326 de
1694 3240 1759 3327 his
1775 3238 1821 3326 li·

557 3354 688 3444 bellus
705 3388 730 3443 a
746 3360 971 3470 majoribus
988 3358 1135 3444 nostris
1159 3355 1345 3471 prosaico
1368 3361 1624 3468 metricoque
1647 3350 1737 3439 stilo
1762 3349 1822 3439 sa·

553 3470 612 3553 tis
629 3468 867 3558 elucubrate
883 3471 1138 3587 compositus
1154 3532 1165 3571 ,
1224 3493 1400 3557 raeterea
1425 3496 1592 3583 quoque
1615 3464 1820 3581 excellen-

553 3580 735 3671 tiffimus.
753 3612 832 3672 rex
859 3588 967 3670 inter
994 3606 1147 3669 caetera
1172 3498 1428 3670 liberalitatis
1453 3579 1538 3668 suae
1563 3581 1693 3682 dona,
1719 3607 1820 3693 quae

554 3691 669 3781 velut
686 3694 790 3781 alter
807 3696 1004 3787 Salomon
1014 3693 1321 3812 infimplicitate
1337 3695 1473 3781 cordIs
1487 3692 1547 3780 sui
1556 3696 1741 3782 Domino
1752 3689 1820 3777 lae

365 3830 370 3837 ·
447 3902 450 3911 Δ
553 3824 624 3891 tus
634 3806 796 3912 obtulit,
813 3807 956 3896 villam
974 3806 1312 3897 Obbenlrrimcum
1328 3810 1441 3895 omni
1456 3810 1693 3921 integritate
1710 3806 1818 3895 Lau·

553 3918 779 4006 reharnenfi
813 3920 1059 4006 monasterio
1084 3921 1283 4023 tradidit,
1341 3952 1387 4007 er
1409 3947 1548 4034 quam·
1562 3917 1737 4004 eandem
1756 3942 1818 3998 ec·

359 4052 379 4097 ⁸
395 4046 511 4121 Omisit
552 4028 713 4118 cleliam
730 4038 772 4120 in
792 4034 859 4119 die
870 4028 1187 4117 consecrationis
1203 3951 1418 4145 largillrme
1433 4034 1598 4120 dotavit
1619 4042 1639 4085 *
1656 4032 1699 4117 dr
1716 4030 1818 4112 dita·

381 4138 507 4263 urerer.
549 4146 625 4247 vit,
635 4174 733 4233 cum
743 4146 982 4258 hujusmodi
992 4144 1317 4233 confirmationis
1323 4170 1548 4266 praecepto.
1664 4138 1760 4232 VII.
