4000 5417
543 427 621 504 494
1008 401 1367 492 Tnunrrroures

1641 576 1818 596 ..ιιι-...-

1643 623 1818 649 *Qu-3

548 709 636 784 leat.
690 705 828 784 naum
842 707 881 782 in
893 708 975 782 1000
991 685 1162 806 publico,
1183 709 1246 808 qur
1263 722 1416 787 vocatur
1431 711 1659 802 rammam,
1677 713 1824 814 stipula·

364 830 415 904 14
428 809 512 880 Nol·
549 811 649 888 tione
665 809 836 896 subnixa,
862 808 931 884 llll
946 811 1089 884 decimo
1103 811 1282 888 kalendas
1309 813 1482 898 Decemb.
1510 814 1669 910 Signum
1685 818 1823 895 Fruun-

549 913 681 1001 hildis,
708 933 793 1010 quae
809 912 905 987 hanc
921 912 1160 988 donationem
1181 911 1260 990 lieri
1284 914 1323 993 δι
1345 913 1485 992 firmari
1504 917 1665 1014 rogavit.
1719 921 1823 1018 Wig-

551 1015 666 1092 larius
692 1011 838 1114 scripsit.

1114 1113 1298 1208 DXVII.

806 1241 986 1334 Donatio
1015 1241 1199 1337 Dudonis
1228 1245 1270 1333 in
1297 1243 1429 1334 audem
1454 1245 1563 1335 oilla.
1616 1267 1626 1283 ·

385 1405 500 1494 el·
555 1409 1274 1610 lullllllalrlllnlaa
1395 1411 1826 1609 semelem

556 1613 796 1711 Magindruth
810 1637 875 1713 pro
901 1615 1063 1690 remedio
1078 1615 1214 1693 animae
1233 1615 1363 1693 nostrae
1389 1617 1572 1692 donamus
1592 1616 1640 1691 ad
1666 1615 1824 1691 santium

556 1717 625 1794 Dei
640 1731 842 1814 martyrem
869 1716 1148 1794 Nazarium&c.
1175 1715 1228 1813 xjj
1240 1714 1375 1814 jumal.
1392 1717 1432 1794 in
1458 1717 1648 1794 Wtenleim
1663 1717 1709 1790 de
1731 1731 1827 1792 terra

557 1819 707 1908 arabili,
734 1819 827 1894 adie
841 1817 1039 1917 praesente,
1065 1832 1108 1894 ut
1123 1819 1294 1918 deinceps
1315 1821 1365 1896 ad
1386 1819 1501 1920 ipsum
1526 1821 1651 1894 locum
1667 1819 1825 1894 santium
1955 1902 1956 1909 Ν

557 1919 726 2022 proficiat
739 1921 778 1996 in
791 1921 1001 2016 augmentis
1024 1919 1253 2019 stipulatione
1266 1921 1433 1998 subnixa.
1487 1919 1625 1998 Atium
1649 1920 1687 1994 in
1701 1928 1826 1995 mona·
1955 1974 1956 2019 5

556 2023 662 2100 sterio
686 2022 896 2096 Loureslram
912 2023 970 2097 die
985 2021 1025 2099 de
1048 2035 1302 2123 temporeque
1320 2023 1360 2100 lu
1386 2047 1437 2100 ra.
1488 2023 1647 2118 Signum
1661 2022 1826 2098 Dudonis

554 2124 595 2208 dt
609 2123 885 2222 Magindmdis,
911 2125 976 2221 qui
989 2124 1085 2202 hanc
1102 2127 1342 2202 donationem
1356 2050 1435 2200 lieri
1459 2124 1497 2200 dt
1512 2122 1650 2200 firmari
1673 2147 1827 2219 rogave-

409 2297 414 2308 .
556 2241 668 2314 tunt,
694 2225 836 2324 fignum
870 2226 1065 2314 leidradi,
1090 2227 1285 2316 Racheri,
1312 2226 1507 2303 Erimberti
1519 2278 1532 2315 ,
1564 2223 1827 2316 Mahdhelmi,
1955 2302 1956 2315 Ν

557 2327 726 2420 Udonis,
754 2327 954 2419 Hucberti‚
980 2329 1144 2406 Geroldi
1193 2329 1347 2408 Samuel
1364 2325 1506 2429 scripsit.

660 2659 841 2756 Donatio
870 2663 1036 2756 Geroldi
1063 2529 1359 2764 8Βῇἳέιὶἒηὶ
1385 2657 1426 2749 in
1453 2659 1585 2751 eodem
1613 2659 1723 2750 vilio.

554 2829 739 2972 AnnoV
756 2833 858 2930 regni
877 2829 1043 2929 ejusdem
1063 2832 1238 2934 principis
1258 2853 1329 2928 ego
1355 2830 1541 2906 (letoldus
1555 2829 1594 2908 δι
1618 2829 1827 2907 Balduinus

577 2983 580 2988 -
641 2935 821 3012 donamus
835 2934 884 3012 ad
899 2935 1061 3012 santium
1076 2936 1146 3012 Dei
1161 2948 1368 3031 martyrem
1381 2932 1605 3021 Nomium,
1630 2933 1695 3030 qui
1708 2933 1827 3030 requi·

554 3035 645 3112 elclt
659 3039 697 3113 in
722 3059 872 3137 corpore
897 3037 937 3112 in
952 3037 1171 3114 monasterio
1198 3036 1461 3124 Lauresham,
1485 3034 1735 3132 donatumque
1757 3031 1828 3108 elle

391 3180 394 3208 .
553 3139 755 3227 volumus,
781 3140 880 3236 quod
903 3140 1009 3216 nobis
1038 3141 1172 3216 Duden
1196 3138 1351 3215 tradidit
1384 3161 1500 3214 manu
1520 3136 1758 3237 potestativa,
1783 3146 1829 3210 ut
1954 3134 1955 3193 l

554 3241 784 3318 traderemus
806 3241 855 3318 ad
876 3241 956 3338 jam
982 3243 1120 3317 ditium
1143 3255 1380 3337 martyrem,
1407 3239 1446 3318 δι
1468 3239 1538 3313 hoc
1554 3235 1628 3323 est,
1654 3238 1754 3333 quod
1780 3233 1829 3311 de

549 3341 632 3442 jure
654 3343 772 3420 nostro
799 3343 837 3420 in
855 3339 918 3442 jus
933 3343 972 3421 δι
995 3343 1204 3420 dominium
1229 3342 1339 3418 santii
1355 3343 1401 3419 N.
1427 3336 1729 3426 transfundimus,
1743 3361 1832 3411 xxx

549 3445 684 3545 jurnal.
700 3447 745 3540 de
760 3458 856 3523 terra
881 3447 1042 3524 aratoria
1057 3447 1096 3522 in
1123 3446 1193 3522 Dei
1207 3446 1356 3520 nomine
1381 3439 1637 3543 perpetualiter
1651 3439 1701 3514 ad
1725 3437 1833 3536 poffi·

555 3549 718 3626 dendum
744 3547 971 3649 stipulatione
997 3549 1163 3626 subnixa.
1217 3544 1352 3622 Attum
1374 3544 1411 3620 in
1431 3540 1646 3619 monasterio
1673 3541 1833 3616 Laurea·
1953 3590 1954 3645 y

269 3699 271 3707 ·
390 3645 421 3702 ¹·
438 3628 524 3718 Set
555 3653 636 3728 anm
650 3651 829 3729 rannus
856 3653 1043 3752 septemb.
1070 3651 1147 3747 sag.
1182 3649 1334 3725 oerore
1353 3646 1391 3722 a
1415 3643 1620 3732 nauum,
1647 3643 1711 3739 qui
1731 3641 1832 3718 nane
1953 3658 1954 3741 ς

555 3754 790 3831 donationem
807 3752 884 3830 fieri
911 3753 950 3830 dt
965 3752 1106 3829 firmari
1121 3753 1292 3848 rogavit,
1319 3745 1710 3844 lignum'Svarzlohi,
1735 3744 1831 3859 Rut-

556 3858 652 3954 geri,
679 3856 863 3942 Dudonis,
891 3856 1109 3945 Ramberti,
1134 3852 1345 3941 menone,
1371 3849 1581 3936 Wauiberti
1593 3901 1605 3939 ,
1631 3845 1830 3925 Gemandt.

556 3960 638 4058 Ego
663 3958 816 4040 Samuel
829 3957 958 4066 scripsi.
