4000 5417
508 456 583 548 236
689 473 691 478 ·
823 443 1394 560 'Canaunacaanrm
1543 469 1547 480 ’

1220 663 1780 695 -ι--ι-ᾕιι,

535 751 644 838 ostea
671 749 934 865 providentia
961 748 1120 834 domini
1139 747 1329 835 Heinrici
1354 750 1551 856 abbatis,
1578 773 1629 843 ut
1644 758 1688 844 in
1702 755 1777 849 suo

504 777 600 950 loco
617 864 778 950 dicetur
800 923 812 967 ,
840 861 961 954 auda
978 863 1023 950 δι
1040 857 1259 948 meliorata
1276 857 1384 949 sunt.

868 1059 1033 1183 Dierna,
1061 1071 1161 1192 quid
1185 1077 1420 1192 neglexerit.
1457 1101 1463 1108 ·

507 1215 635 1388 Inter
652 1209 744 1297 haee
780 1211 892 1297 idem
907 1207 1004 1330 -ipse
1032 1212 1161 1297 abbas
1178 1203 1382 1297 mansueti
1420 1209 1465 1298 dr
1491 1213 1704 1332 fimplicis,
1730 1238 1779 1308 ut

571 1322 818 1440 praedidium
837 1324 915 1427 est,
943 1324 1127 1437 ingenii,
1156 1322 1292 1436 &qui
1311 1319 1489 1412 eeclefiae
1507 1323 1593 1414 suae
1609 1332 1778 1420 forsitan

509 1435 733 1526 consultius
750 1431 1038 1553 prospexisset,
1063 1436 1091 1520 s1
1110 1430 1401 1549 perversorum
1418 1435 1658 1547 hominum,
1678 1437 1782 1558 quae'

507 1547 601 1654 sua,
619 1580 723 1654 non,
753 1577 850 1662 quae
868 1551 953 1638 Dei
964 1547 1069 1650 sunt,
1078 1551 1359 1661 quaerentium
1376 1551 1471 1636 tabe
1489 1551 1666 1642 infessus
1683 1557 1769 1644 non

508 1662 655 1752 fuisset.
713 1661 890 1748 Consilio
913 1658 1182 1747 familiarium
1208 1661 1253 1748 ὃ(
1270 1664 1504 1750 amicorum
1537 1671 1670 1780 gratia
1687 1697 1776 1757 cor·

509 1798 682 1892 ruptus,
711 1777 830 1863 vicos
861 1775 1001 1863 Celsum
1022 1773 1067 1860 ὃ(
1095 1774 1249 1889 Hersen,
1280 1777 1467 1890 itemque
1485 1774 1613 1864 allum
1639 1782 1776 1884 Celsen,

508 1887 750 1976 theloneum
776 1915 874 1973 eum
902 1883 1081 2001 plurima
1107 1907 1227 2001 parte
1259 1887 1434 1975 decimae
1461 1892 1504 1978 in
1529 1891 1778 2004 slsicseleastnt

507 1999 554 2090 dr
582 1997 807 2092 Morlebacse
837 1999 1127 2101 beneficiavit,
1157 1997 1401 2088 theloneum
1418 2005 1462 2087 in
1495 2003 1776 2111 Wsaenseer'm,

463 2177 465 2184 ,
507 2116 553 2202 δι
578 2133 741 2228 partem
776 2114 864 2224 agri
902 2109 1162 2198 dominicalis
1195 2115 1238 2197 in
1268 2111 1463 2201 castrense
1502 2117 1777 2220 beneficium,

507 2229 695 2336 itemque
739 2225 901 2314 Malean
925 2286 937 2326 ‚
973 2224 1136 2340 aliaque
1159 2221 1256 2310 alibi
1279 2222 1465 2338 ‘spatstm
1489 2255 1538 2310 ac
1567 2227 1776 2343 dispersim

507 2338 722 2429 distribuit.
773 2335 986 2424 Praeterea
1019 2333 1209 2426 Bertolso
1256 2336 1489 2437 advocato,
1536 2361 1631 2424 orta
1666 2345 1776 2444 inter

415 2527 420 2532 .
505 2449 642 2568 ipsum
670 2445 981 2564 &episcopum
1018 2445 1253 2563 Spirensem
1290 2447 1544 2561 Sigesridum
1582 2453 1775 2539 inexora·
1821 2539 1825 2542 ,

506 2559 579 2651 bili
616 2585 817 2678 gwerra,
871 2588 946 2677 per
971 2587 1100 2676 quam
1127 2563 1256 2646 etiam
1282 2559 1682 2650 Laurishammenfis
1711 2594 1776 2651 ec·
1901 2581 1906 2588 '

403 2699 410 2707 ·
507 2673 626 2762 cles1a
651 2669 937 2762 miserabiliter
973 2675 1128 2791 rapinis
1154 2673 1200 2760 dt
1223 2672 1422 2758 incendiis
1449 2671 1672 2790 profligata
1697 2678 1774 2782 est,

505 2807 596 2876 tres
622 2785 752 2875 libros
778 2817 881 2875 auro
900 2786 945 2875 dt
972 2809 1177 2902 argento,
1203 2787 1466 2899 gemmisque
1494 2792 1683 2901 pretiosas
1701 2819 1774 2878 ex-

483 2922 705 3006 ornatos,
732 2929 898 2988 crucem
933 2925 1103 3015 quoque
1125 2925 1296 2983 auream
1322 2901 1364 2982 in
1379 2897 1506 2984 vadio
1527 2904 1777 3016 exponenda

506 3015 722 3116 concessit,
780 3043 848 3100 uae
871 3033 1014 3099 tamen
1029 3031 1178 3098 neuter
1206 3037 1354 3097 eorum
1372 3009 1563 3098 redemit.
1615 3013 1691 3102 Ex
1709 3017 1776 3102 be·

505 3128 652 3214 nescio
670 3041 856 3213 eusdem
886 3128 937 3216 B.
958 3125 1072 3238 quod
1091 3127 1129 3208 ei
1144 3143 1391 3226 vacaverat,
1410 3126 1569 3208 curiam
1592 3123 1783 3214 Lireters·¹

505 3235 623 3358 husen
642 3156 828 3327 selamin
845 3268 972 3324 manu
983 3235 1170 3323 ecclesiae
1186 3239 1371 3325 retinuit.
1427 3233 1589 3322 Habito
1602 3234 1773 3332 subinde

504 3353 687 3470 generali
716 3349 891 3450 coneilio
916 3348 989 3437 sub
1018 3351 1260 3440 Innocentio
1286 3376 1393 3465 papa
1420 3345 1561 3434 Roma
1598 3348 1773 3464 digredi·

505 3496 611 3571 ens,
641 3465 825 3558 Veronae
844 3461 1298 3579 lanquoreeorreptus,
1314 3493 1340 3546 a
1367 3459 1424 3549 ud
1453 3462 1660 3565 Brixiam,
1675 3489 1773 3576 quae

506 3585 656 3670 civitas
684 3579 741 3665 est
769 3577 1027 3665 Tridentinae
1053 3573 1204 3678 vallia,
1233 3575 1334 3662 dece
1378 3597 1397 3662 t
1424 3603 1534 3660 anno
1559 3577 1774 3687 regiminis

505 3691 567 3782 sui
583 3691 722 3796 XIIII,
740 3685 1006 3806 sepultusque
1018 3688 1181 3775 ibIdem
1188 3693 1233 3775 in
1250 3686 1379 3775 latere
1396 3689 1583 3776 matricis
1593 3685 1774 3776 ecelesiae

503 3807 558 3894 ad
583 3803 709 3892 limen
727 3805 945 3890 meridiani
966 3805 1177 3889 introitus.

579 4137 582 4140 Ι
614 4017 821 4112 Lothario·
841 4019 1094 4136 imperatore
1124 4015 1168 4102 in
1195 4010 1315 4108 Italia
1344 4015 1540 4110 deflendo
1568 4016 1613 4220 dfe
1639 4016 1771 4213 Bqun-

768 4205 771 4214 ,
1605 4155 1684 4223 wrc
