4000 5417
968 392 1343 505 mmmm

1034 720 1270 811 CCCXIX.

518 868 700 967 Donatio
734 868 954 979 liutharii,
980 868 1022 957 in
1049 850 1429 987 Hontscuhisheim‚
1454 901 1558 962 anno
1579 876 1654 968 VI
1670 877 1787 989 regni

715 1080 727 1105 Ι
844 980 991 1071 domini
1006 983 1128 1095 nostri
1154 983 1301 1073 Karoli
1316 984 1468 1097 magni.
1495 1090 1501 1099 Ι

521 1178 624 1310 Ego
636 1168 675 1245 in
699 1168 769 1245 Dei
783 1168 929 1245 nomine
954 1166 1158 1268 Rutpertus
1180 1169 1277 1242 dono
1293 1167 1343 1243 ad
1363 1167 1523 1246 santium
1540 1168 1673 1248 Christi
1688 1188 1786 1245 mar·

599 1286 722 1369 tyrem
755 1270 984 1359 Nazarium,
1011 1271 1073 1369 qui
1094 1270 1286 1367 requiescit
1306 1270 1347 1345 in
1371 1294 1520 1370 corpore
1545 1273 1585 1349 in
1597 1296 1694 1371 pago
1719 1270 1786 1346 Ri-

521 1372 623 1451 nenfi
645 1374 685 1448 in
696 1370 914 1449 monasterio
939 1370 1197 1461 Lauresham,
1224 1371 1330 1471 super
1353 1373 1506 1450 fluvium
1530 1372 1684 1453 Wiffcoz
1698 1370 1786 1460 fito,

521 1476 586 1553 ubi
599 1475 655 1550 vir
669 1473 886 1551 venerabilis
911 1474 1176 1551 Gundelandus
1197 1472 1294 1551 abba
1318 1474 1462 1573 praeeffe
1482 1476 1644 1562 videtur,
1670 1474 1787 1548 dona-

409 1642 412 1648 .
522 1588 676 1674 tumque
690 1577 728 1651 in
741 1588 958 1675 perpetuum
971 1574 1040 1652 esse
1054 1576 1151 1665 volo,
1164 1575 1204 1652 dt
1223 1574 1480 1676 promptiffima
1493 1577 1682 1653 voluntate
1695 1597 1786 1654 con·

521 1677 655 1765 firmo,
680 1678 752 1751 hoc
765 1676 833 1761 est,
851 1690 1012 1751 'omnem
1026 1678 1286 1778 proprietatem
1300 1702 1443 1767 meam,
1469 1701 1582 1777 quam
1595 1678 1692 1752 visus
1705 1674 1786 1751 sum

520 1778 658 1865 habere
672 1802 716 1854 ac
729 1776 898 1877 possidere
913 1779 952 1854 in
965 1801 1061 1878 pago
1085 1776 1225 1856 Lobod.
1242 1779 1280 1856 in
1302 1778 1635 1880 Hnnrscuicshaeimer
1648 1799 1785 1865 marca,

521 1880 739 1967 curtilibus,
764 1900 851 1955 cum
865 1879 1093 1980 superpofitis
1107 1881 1292 1971 aedificiis,
1307 1883 1450 1982 campis
1466 1937 1477 1971 ,
1492 1881 1619 1983 pratiS,
1633 1879 1787 1980 pascum,

521 1982 640 2071 sduis,
665 1980 843 2069 decimiS,
869 1981 1014 2071 vineis,
1041 1984 1166 2081 aquis,
1192 2006 1423 2081 aquarumve
1438 1983 1658 2072 decurfibus,
1683 1979 1788 2057 exiti-

520 2083 593 2161 bus
617 2083 657 2160 &
681 2080 883 2171 reditibuS,
916 2085 1129 2159 cumomni
1154 2085 1318 2184 praefidio
1347 2085 1509 2172 domus,
1545 2100 1622 2161 tam
1647 2081 1788 2178 majore

372 2266 374 2273 ,
525 2206 640 2285 quam
655 2184 819 2272 minore,
843 2183 882 2261 dt
904 2186 1048 2284 peculio
1072 2188 1265 2284 utriusque
1282 2189 1448 2283 generis,
1473 2199 1595 2262 totum
1609 2184 1709 2260 &ad
1731 2185 1788 2257 in·

524 2298 698 2383 regrum,
723 2284 819 2361 adie
858 2286 996 2363 raesenti
1009 2282 1084 2386 ·pr'o
1097 2290 1258 2364 remedio
1281 2287 1414 2363 animae
1436 2310 1531 2362 rneae
1556 2285 1661 2359 trado
1673 2296 1785 2379 atque

524 2388 752 2477 transfundo,
766 2398 810 2462 ut
821 2309 978 2465 iiciendi
991 2388 1037 2464 de
1050 2390 1292 2464 hisomnibus
1306 2390 1442 2460 adores
1455 2384 1567 2482 ipsius
1579 2385 1660 2471 loci,
1675 2381 1782 2477 quid·

524 2490 617 2587 quid
642 2511 707 2587 pro
728 2487 889 2564 utiiitate
909 2488 1075 2585 ejusdem
1093 2489 1251 2567 ecclefiae
1271 2486 1519 2573 decreverint,
1546 2486 1698 2561 liberam
1715 2482 1785 2557 ha·

528 2590 642 2667 beant
655 2587 880 2691 potestatem.
916 2590 958 2667 Si
972 2592 1054 2689 quis
1068 2614 1172 2698 vero,
1198 2591 1298 2684 quod
1310 2588 1478 2664 futurum
1492 2584 1561 2661 effe
1576 2610 1653 2662 non·
1664 2584 1788 2670 credo,

529 2704 658 2768 contra
671 2691 769 2768 hanc
783 2692 1055 2769 donationema
1077 2714 1137 2767 me
1148 2691 1282 2767 fatiam
1298 2689 1420 2765 venite
1433 2688 1687 2787 temptaverit,
1701 2707 1790 2760 cum

527 2794 688 2872 sociante
703 2792 789 2869 fisco
810 2794 892 2869 auri
909 2795 1038 2871 uncias
1053 2790 1087 2889 vj
1116 2792 1155 2869 &
1170 2792 1311 2888 argenti
1324 2790 1487 2889 pondera
1500 2815 1525 2866 v
1550 2790 1672 2865 muita
1693 2786 1790 2861 iusti·

383 2982 385 2988 ,
525 2912 636 2987 neat,
663 2895 867 2973 &donatio
883 2894 949 2970 ista
966 2895 1068 2971 omni
1082 2908 1246 2993 tempore
1262 2890 1440 2967 inviolata
1453 2904 1669 2989 permaneat
1681 2888 1790 2986 stipu-

313 3006 315 3013 '
525 3000 661 3074 latione
677 2998 842 3074 subnixa.
895 2995 1034 3073 Attum
1049 2998 1089 3071 in
1102 2993 1317 3071 monasterio
1338 2992 1552 3065 Marathum
1566 2992 1652 3081 vul
1665 2992 1791 3064 kalen·

344 3110 400 3175 24
420 3086 493 3165 Jun,
524 3101 592 3177 das
606 3099 706 3202 Julii.
758 3100 915 3195 Signum
932 3098 1121 3185 Rutberti‚
1147 3098 1212 3195 qui
1224 3097 1320 3173 hanc
1334 3092 1568 3169 donationem
1591 3090 1667 3165 fieri
1683 3111 1792 3183 roga·

358 3297 362 3305 ¹
526 3202 605 3291 vit,
632 3202 775 3299 fignum
816 3199 1066 3288 Wacchonis,
1093 3198 1306 3295 Hugberti,
1331 3192 1513 3290 Sigeftidi
1538 3191 1790 3279 Erkanbaldi,

524 3302 763 3482 Hildsebaldi,
789 3300 1031 3392 Erkanfridi,
1059 3300 1298 3379 Ermenfridi
1350 3298 1434 3395 Ego
1464 3293 1658 3376 Folcradus
1679 3312 1792 3389 roga-

523 3416 586 3485 tus
624 3404 699 3506 erip
714 3428 737 3481 1.
