4000 5417
541 414 617 481 620
890 396 896 409 ’
998 396 1353 475 Tnnnrnrnnnt

538 702 679 780 tionem
711 702 880 779 fecerunt
903 702 944 787 dt
973 701 1114 781 firmari
1138 714 1387 799 rogaverunt,
1425 699 1576 799 signnm
1601 702 1819 789 Wnchnnin

539 804 696 900 Samuel
719 804 868 904 scripfit.

1064 900 1336 996 DCCCXiII.
1396 970 1398 980 .

937 1036 1117 1133 Donatio
1151 1038 1191 1127 T
1187 1030 1401 1123 handardr'.

537 1214 590 1345 In
604 1202 738 1279 Christi
754 1204 901 1281 nomine
917 1204 980 1281 sub
995 1205 1057 1281 die
1082 1202 1261 1280 kalendas
1286 1201 1402 1304 Junii,
1428 1226 1527 1278 anno
1542 1203 1619 1280 XX
1636 1206 1740 1303 regni
1755 1208 1815 1282 do·

480 1351 484 1356 ·
590 1307 681 1381 mini
702 1307 810 1383 nostri
836 1308 963 1383 Karoli
989 1307 1116 1403 regis,
1147 1328 1216 1400 ego
1242 1304 1435 1381 Thnnhart
1459 1306 1558 1381 dono
1585 1308 1639 1383 ad
1659 1308 1815 1385 santturn

457 1468 460 1473 -
539 1408 744 1487 Neratium
776 1425 1008 1505 martyrem,
1043 1408 1110 1507 qui
1130 1406 1321 1503 requiescit
1350 1406 1390 1482 in
1410 1406 1634 1483 monasterio
1658 1412 1813 1485 Lauren·

540 1511 659 1598 ham,
675 1510 747 1586 nbi
762 1512 819 1587 vir
834 1510 1054 1587 venerabilis
1081 1508 1273 1585 Richbodo
1289 1509 1384 1585 abba
1398 1507 1550 1609 ptaeeffe
1564 1510 1717 1607 videtur,
1742 1514 1807 1585 do-

539 1626 741 1708 natumque
765 1613 803 1687 in
817 1626 1035 1711 perpetuum
1051 1608 1120 1685 effe
1146 1612 1259 1699 vnio,
1285 1612 1386 1709 quod
1400 1612 1497 1685 mihi
1523 1613 1810 1689 Rutbertnstrn·

539 1711 659 1802 didit,
685 1714 735 1789 ad
760 1714 983 1789 tradendum
1007 1738 1071 1812 pro
1097 1713 1260 1801 remedio
1292 1713 1429 1791 animae
1453 1710 1535 1809 ejus
1545 1724 1560 1802 ’,
1586 1714 1658 1789 hoc
1678 1714 1747 1803 est,
1772 1716 1810 1793 in

544 1812 770 1911 Offmishcim
795 1840 821 1889 x
838 1814 975 1913 jurnal.
1000 1817 1047 1891 de
1062 1828 1159 1891 tetra
1179 1816 1368 1903 araturia,
1400 1838 1497 1913 quos
1520 1816 1628 1891 trado
1667 1818 1744 1905 ita,
1770 1832 1810 1895 ut

541 1914 736 2015 adipsum
767 1918 893 1993 locum
925 1918 1089 1993 sandtum
1115 1918 1219 1993 omni
1247 1931 1412 2016 tempore
1441 1916 1636 2015 proficiant
1661 1920 1700 1995 in
1722 1944 1810 2018 ang·

540 2032 710 2095 mentum
743 2018 971 2119 stipulatione
993 2019 1159 2096 subnixa.
1211 2019 1348 2095 Astum
1364 2020 1402 2094 in
1417 2018 1636 2096 monasterio
1661 2022 1809 2097 Lauros·

539 2120 621 2193 dam
634 2118 747 2197 die&
760 2136 924 2221 tempore
940 2145 1013 2219 qno
1028 2121 1142 2221 supra.
1194 2121 1351 2219 Signum
1376 2120 1605 2211 Tanchnrdi,
1631 2125 1694 2221 qui
1714 2125 1808 2200 hanc

538 2220 777 2299 donationem
802 2223 922 2314 feeit,
948 2222 1092 2320 iignum
1118 2224 1349 2313 Ekkihardi,
1377 2223 1596 2302 Nanthnrd'n
1621 2286 1623 2290 Α
1649 2226 1804 2305 isanber-

539 2332 601 2399 tus
624 2322 770 2423 scripsit.

770 2426 773 2430 ’
962 2425 966 2432 ’
1067 2422 1341 2520 DCCCXIV.

955 2590 958 2596 ·
978 2552 1160 2644 Donatio
1179 2553 1396 2649 Methildr's.
1419 2654 1423 2663 ,

535 2713 670 2849 Anno
693 2712 772 2813 post
786 2712 868 2793 haec
883 2716 935 2793 111
959 2719 1065 2817 regni
1091 2720 1235 2797 domini
1250 2722 1360 2798 nostri
1383 2719 1666 2817 Knroliginrinsr
1693 2724 1806 2822 regis,

623 2838 693 2913 ego
719 2816 872 2894 Methilt
897 2820 994 2895 dono
1021 2822 1069 2897 ad
1092 2822 1252 2900 sanetum
1279 2826 1481 2901 Nazarium
1506 2824 1643 2901 Christi
1667 2845 1806 2925 marty·

534 2919 1493 3128 ‘dmricit‘n‘ttdtidtittss&ititt‘ttiir
1507 2928 1805 3130 ffliffiiiss

534 3123 622 3199 volo
639 3122 779 3198 hobam
795 3122 831 3221 j,
858 3124 897 3201 in
921 3126 1281 3221 Butrrshrimsrtam,
1308 3130 1371 3227 &j
1389 3132 1576 3222 mansum,
1601 3134 1710 3222 idest,
1725 3158 1803 3209 xxx

379 3228 464 3304 t:
531 3220 669 3319 jurnal.
692 3224 853 3326 campis,
879 3230 1013 3327 pratis,
1029 3230 1200 3329 pascuis,
1226 3234 1387 3333 perviis,
1414 3232 1533 3323 silvis,
1555 3236 1671 3331 aquis,
1685 3258 1800 3331 nqua-

534 3348 666 3405 rumve
691 3324 926 3417 decurfibus,
951 3332 1078 3408 omnia
1103 3335 1205 3409 adie
1225 3336 1390 3433 praesenti
1417 3338 1526 3413 trado
1548 3352 1651 3433 atque
1676 3350 1795 3410 trans·

534 3426 651 3505 fundo
677 3428 716 3504 in
741 3429 811 3504 Dei
844 3430 992 3507 nomine
1026 3437 1286 3534 perpetualiter
1320 3438 1552 3537 pnffidenda,
1575 3438 1801 3539 stipulatione

477 3550 483 3559 ¹
531 3528 696 3609 subnixa.
749 3529 887 3607 Attum
920 3532 960 3608 in
998 3537 1214 3613 monasterio
1252 3541 1487 3631 Lanresham
1520 3542 1587 3617 11ss
1605 3542 1805 3639 ⁴kalendas

343 3626 397 3693 2⁶·
413 3627 500 3695 Febr.
533 3632 670 3709 Martii
717 3632 874 3728 Signum
900 3636 1122 3727 Mathildae,
1148 3663 1233 3738 quae
1253 3642 1351 3719 hanc
1385 3643 1623 3720 donationem
1645 3644 1736 3721 iecit
1766 3642 1803 3719 dr

531 3732 672 3917 affari?
703 3736 886 3833 rogavit,
919 3734 1064 3835 signum
1095 3738 1279 3821 Adalonis
1320 3744 1561 3824 Hiltdibardi.
1623 3746 1804 3825 Rudnlsus

596 3862 621 3939 p
665 3892 676 3915 .

1486 4060 1750 4154 DCCCXV.
