4000 5417
941 457 1125 539 Cuaou.
1151 478 1213 535 nr
1236 452 1424 546 Currus

430 954 432 963 ,
577 894 758 991 Duratio
787 890 1034 990 Rusbeas&
1065 755 1329 1003 Ξςξίἓῗςαε
1347 886 1389 974 ia
1417 886 1754 980 Hontscurshrr'm.

521 1073 635 1203 Ego
656 1063 694 1138 in
719 1062 787 1159 Dei
799 1062 949 1137 nomine
975 1057 1139 1133 Rathere
1163 1053 1203 1133 dt
1217 1077 1312 1131 uxor
1327 1078 1411 1129 mea
1432 1056 1581 1133 nomine
1606 1058 1807 1156 Eggeburg'

615 1166 797 1241 donamus
811 1163 859 1239 ad
876 1162 1036 1237 santium
1053 1160 1121 1235 Dei
1137 1172 1341 1255 martyrem
1357 1158 1579 1247 Nazarium,
1607 1162 1670 1257 qui
1686 1162 1805 1259 requi·

535 1265 623 1344 escit
636 1268 674 1341 in
690 1288 838 1363 corpore
854 1264 892 1338 in
902 1286 994 1361 pago
1010 1256 1174 1357 Renrnsa,
1199 1260 1240 1335 in
1254 1258 1469 1337 monasterio
1493 1260 1722 1351 harabam,
1748 1261 1804 1339 su·

534 1391 601 1469 per
612 1366 767 1443 iluvium
799 1364 963 1461 Wisgoz,
988 1362 1052 1437 ubi
1071 1360 1292 1438 venerabilis
1312 1360 1429 1437 abbas
1454 1360 1606 1437 Gerbodo
1628 1364 1806 1458 regulari·

535 1483 595 1547 ter
610 1467 755 1568 praeesse
773 1466 944 1553 videtur,
970 1463 1143 1563 quicquid
1159 1464 1199 1537 in
1224 1459 1555 1537 Hoatscuerluimaro
1573 1464 1726 1540 marcha
1740 1464 1808 1543 visr

536 1571 663 1647 sumus
675 1568 837 1657 habere,
862 1590 948 1643 cum
963 1565 1133 1641 omnibus
1148 1561 1240 1659 juste
1256 1587 1300 1639 ac
1327 1563 1490 1659 legitime
1511 1563 1598 1640 illuc
1618 1567 1807 1665 pertinen·

537 1672 658 1761 tibus,
685 1670 846 1748 terris&
863 1667 971 1758 locis,
998 1664 1209 1755 curtilibus,
1236 1666 1351 1761 agris,
1377 1666 1510 1765 pratis,
1536 1664 1673 1762 sylvis,
1699 1691 1807 1743 cam·

537 1775 615 1875 pis,
641 1772 802 1873 pascuis,
830 1771 967 1868 aquis,
994 1791 1224 1867 aquarumve
1248 1767 1481 1855 decursibus,
1507 1766 1615 1842 cultis
1639 1769 1733 1844 locis
1765 1770 1808 1848 &

538 1876 689 1952 incultis
704 1928 715 1963 ,
730 1870 939 1949 ‘mobilibus
954 1868 1117 1972 rebus&
1139 1869 1409 1957 immobilibus,
1436 1868 1506 1945 viis
1520 1868 1559 1946 δι
1573 1869 1703 1960 inviis,
1725 1874 1808 1947 exi·

540 1977 641 2053 tibus
666 1975 706 2053 δι
731 1975 935 2064 reditibus,
968 1973 1063 2049 nihil
1088 1985 1196 2047 extra
1210 1971 1557 2071 praetermittentes,
1582 1971 1644 2047 sed
1675 1996 1806 2064 omne,

537 2077 713 2177 quicquid
737 2076 811 2152 dici
833 2090 899 2153 aut
922 2073 1103 2152 nominari
1125 2073 1267 2173 potest,
1293 2071 1499 2172 de'proprio
1518 2069 1601 2168 jure
1625 2073 1742 2171 injus
1766 2076 1807 2153 dt

538 2180 744 2256 dominium
776 2178 921 2278 praefati
954 2176 1158 2272 martyris,
1189 2174 1439 2280 restorumque
1466 2174 1576 2274 ipsius
1602 2176 1808 2255 monasterii

537 2280 833 2357 transfundimus
857 2279 1118 2379 perpetualiter
1138 2276 1410 2377 possidendum,
1436 2300 1481 2352 ea
1500 2276 1632 2354 scillcet
1645 2280 1805 2369 ratione,

503 2434 505 2439 -
538 2394 582 2458 ut
605 2407 629 2459 a
651 2382 711 2457 dle
731 2380 905 2480 praesente
931 2378 1128 2478 poffideant
1153 2377 1191 2455 &
1213 2379 1409 2466 excolant,
1435 2377 1474 2455 &
1495 2378 1648 2456 liberam
1668 2404 1710 2457 ac
1742 2381 1804 2455 fir·

539 2508 644 2560 mam
662 2483 702 2559 in
724 2481 898 2557 omnibus
922 2480 1137 2579 potestatem
1163 2480 1351 2569 habeant,
1378 2480 1518 2577 absque
1533 2481 1740 2583 prejudicio
1765 2483 1807 2559 dt

538 2580 1808 2785 {tillimlicaaarcastrametamur

538 2784 753 2865 &fratrum
769 2784 917 2861 suorum
939 2786 1196 2861 benevolentia
1220 2785 1259 2863 dc
1273 2785 1444 2862 consensu
1467 2786 1506 2863 in
1520 2786 1693 2865 beneficio
1707 2811 1806 2864 rece·

539 2889 686 2991 pimus,
713 2889 752 2964 in
778 2884 1060 2986 Liurlrrrarlmsea
1080 2884 1121 3001 jjj
1140 2888 1284 2976 hobas,
1310 2888 1626 2967 &dominicalem
1647 2891 1808 2973 decima·

528 2991 694 3080 tionem,
720 2989 759 3067 dt
784 2990 824 3065 in
849 2988 1065 3065 Niwanlrrim
1076 2986 1117 3086 ij
1145 2988 1319 3084 hubas&
1343 2988 1534 3066 dimidiam
1550 2992 1591 3067 ric
1616 2993 1809 3069 decimati·

541 3109 652 3168 onem
668 3092 716 3167 ad
741 3090 897 3168 eandem
911 3088 1102 3165 ecclesiam
1117 3091 1386 3190 pertinentem,
1412 3092 1478 3167 boc
1498 3092 1675 3169 videlicet
1689 3095 1809 3191 patto,

465 3202 474 3253 “-
540 3208 585 3269 ut
599 3192 769 3293 deinceps
796 3191 1055 3269 nihilomnino
1075 3191 1429 3291 praenominatarum
1449 3213 1568 3269 rerum
1593 3194 1701 3269 nobis
1716 3219 1810 3270 ven-

541 3296 726 3384 dicemus,
753 3294 815 3371 sed
827 3294 866 3371 in
880 3293 968 3368 usus
984 3292 1191 3369 monasterii
1215 3292 1340 3371 statim
1355 3295 1601 3385 conseramus,
1614 3296 1700 3371 illas
1715 3306 1809 3371 vero

495 3490 505 3504 Ι
542 3393 605 3475 res'
616 3451 627 3489 ,
653 3419 749 3494 quas
765 3396 803 3472 in
816 3394 1036 3473 beneficium
1057 3394 1294 3493 accepimus,
1321 3398 1370 3473 ad
1383 3399 1462 3475 dies
1475 3398 1562 3475 vitae
1575 3396 1716 3487 nostrae,
1733 3396 1810 3474 sme

541 3499 808 3599 impedimento
833 3496 873 3574 dc
898 3496 1180 3572 contradidione
1213 3496 1419 3575 habeamus
1444 3501 1484 3579 dc
1508 3500 1745 3601 possideamus
1770 3498 1812 3577 δι

541 3600 631 3678 nihil
649 3600 733 3677 inde
747 3648 748 3651 κ
760 3599 924 3677 minuere
939 3610 1006 3675 aut
1020 3599 1240 3675 deteriorare
1254 3602 1418 3698 aliquem
1444 3605 1729 3702 permittamus,
1752 3600 1814 3677 sed

541 3702 741 3800 augere&
763 3700 957 3777 meliorare
983 3700 1214 3795 inomnibus
1246 3700 1467 3780 studeamus.
1522 3704 1604 3783 Post
1632 3701 1812 3781 decessum

540 3828 629 3883 vero
645 3806 836 3923 utriusque
861 3800 1026 3879 nostium
1049 3813 1268 3884 memoratae
1293 3827 1352 3883 res
1367 3828 1454 3882 cum
1479 3809 1584 3883 omni
1605 3807 1812 3922 integritate

378 3972 497 4150 ,p
539 3907 831 4110 ittarta
848 3906 1819 4102 rilemrmatrrutruarra

942 4152 945 4159 ,
1687 4112 1768 4186 Do-
