4000 5417
539 411 644 491 Sec.
669 404 729 489 IX
753 408 1011 487 Luoovrco
1034 408 1077 487 11
1102 429 1236 487 rnen
1455 434 1506 517 ῃ

236 720 499 804 conceffimus,
525 714 597 789 hoc
612 712 678 801 est,
705 713 850 791 mansos
871 728 946 791 tres
969 715 1007 791 in
1023 714 1139 805 villa,
1166 719 1398 817 quaedicitur
1424 718 1505 797 W·
1571 794 1619 810 ,,,

236 824 409 909 narheim,
423 838 516 917 quos
532 816 627 891 Tuto
643 815 773 892 habuit
786 818 824 891 in
839 816 1068 905 beneficium,
1082 842 1169 895 cunr
1184 822 1388 921 mancipiiS,
1403 818 1504 909 cafiS,
1573 816 1611 839 ”⁸

237 926 367 1011 crutis,
380 920 562 1006 aedificiis,
587 918 719 1016 pratis,
743 916 860 1006 silvis,
874 919 1032 1018 pascuis,
1058 923 1182 1019 aquis,
1198 946 1428 1020 aquarumve
1442 924 1504 997 de·

157 1032 164 1039 '
237 1026 420 1111 cruribus,
446 1021 606 1097 exitibus
622 1018 661 1096 lit
675 1018 902 1114 regressibus,
916 1020 977 1098 seu
992 1023 1165 1120 quicquid
1181 1026 1229 1099 ad
1243 1026 1418 1124 praefatos
1431 1038 1506 1100 tres

236 1125 386 1203 mansos
398 1122 479 1219 jure
493 1146 536 1199 ac
554 1121 719 1217 legitime
727 1122 905 1219 pertinere
919 1124 1081 1213 videtur,
1106 1149 1152 1202 ea
1165 1127 1338 1203 videlicet
1351 1127 1504 1215 ratione,

237 1242 283 1305 ut
302 1227 400 1303 idern
426 1226 738 1307 Wnnrrruuruus
763 1223 952 1322 praedistos
973 1240 1048 1302 tres
1072 1228 1216 1305 mansos
1234 1252 1322 1305 curn
1343 1228 1415 1303 hoc
1439 1252 1505 1304 no-

237 1330 321 1407 strae
332 1326 557 1405 authoritatis
580 1336 767 1425 praecepto
781 1325 830 1400 ad
844 1326 1099 1405 monasterium
1119 1330 1358 1419 lauresham,
1385 1331 1425 1406 in
1438 1331 1506 1407 ho-

238 1455 326 1507 nore
340 1430 447 1506 sensti
470 1428 619 1506 Nazarii
637 1424 898 1515 construnum,
912 1430 1083 1507 tradatin
1095 1431 1181 1509 usus
1195 1432 1331 1510 scilicet
1344 1434 1503 1509 fratrum

237 1532 374 1611 ibidem
389 1532 469 1607 Deo
485 1527 736 1617 servientium,
752 1527 791 1604 ὅ(
803 1526 848 1603 srt
860 1528 940 1605 haec
953 1532 1101 1608 traditio
1113 1557 1179 1633 pro
1193 1536 1353 1612 remedio
1366 1535 1503 1612 animae

133 1634 136 1639 ’
237 1634 379 1734 piilsnni
391 1633 566 1729 genitoris
581 1628 690 1706 nostri
698 1658 717 1719 ,·
731 1628 771 1706 ἀ
785 1651 849 1728 pro
865 1633 1057 1730 perdilelta
1069 1632 1223 1731 conjuge
1237 1637 1355 1713 nostra
1378 1638 1502 1713 Lrur·

239 1756 402 1821 nenne,
428 1756 471 1809 ac
486 1730 687 1808 chariffimu
700 1732 803 1830 prole
815 1732 950 1821 nostra,
976 1736 1031 1809 ita
1045 1735 1242 1821 videlicet,
1266 1750 1309 1810 ut
1328 1738 1503 1833 quicquid

237 1838 287 1913 ab
309 1836 488 1911 hodierna
500 1834 561 1909 die
586 1832 699 1909 abbas
719 1829 886 1929 ejusdem
911 1833 1072 1910 ecclesiae
1092 1833 1373 1933 successoresque
1397 1836 1504 1934 iplius

233 1938 286 2012 'de
301 1936 484 2036 praediffls
498 1935 606 2012 rebus
619 1957 682 2033 pro
696 1934 857 2010 utilitate
871 1933 981 2031 ipsrus
1000 1933 1159 2011 ecclefiae
1179 1935 1297 2012 facere
1312 1934 1505 2026 voluerint,

234 2038 396 2113 liberam
416 2038 455 2113 in
475 2036 645 2112 omnibus
669 2034 834 2112 habeant
845 2035 1065 2133 potestatem
1079 2036 1247 2114 faciendi.
1293 2038 1352 2125 Et
1369 2051 1414 2113 ut
1425 2037 1506 2113 haec

232 2138 436 2216 aulioritas
456 2137 585 2213 nostrae
610 2136 841 2213 conceffionis
861 2135 1004 2212 firmior
1023 2138 1224 2227 habeatur,
1249 2136 1366 2237 &per
1380 2138 1508 2215 futura

231 2252 402 2340 tempora
428 2262 451 2315 a
471 2238 640 2313 fidelibus
658 2236 787 2313 nostris
812 2238 948 2313 meiius
969 2238 1194 2328 observetur,
1220 2238 1414 2337 veriusque
1428 2262 1505 2314 cre·
1543 2292 1551 2299 -

231 2342 360 2429 datur,
386 2362 500 2416 manu
524 2340 669 2437 propria
693 2338 813 2414 nostra
836 2337 957 2414 subter
969 2362 1054 2416 eam
1068 2338 1322 2428 firmavimus,
1349 2340 1388 2418 ὅ(
1402 2342 1507 2416 anuli

232 2441 343 2518 nostri
362 2440 583 2541 impreffione
605 2440 772 2537 alhgnari
788 2436 967 2534 juliirnus.
1021 2439 1252 2521 Wolfherius
1265 2443 1507 2518 cancellarius

232 2543 285 2619 ad
308 2544 427 2621 vicem
460 2536 638 2619 Luitberu
670 2540 957 2639 archicapellani
988 2544 1215 2639 recognovi,
1240 2541 1279 2621 δι
1306 2543 1502 2643 subscripsr.

229 2644 332 2721 Data
357 2646 408 2721 ΙΙΙ
432 2668 547 2720 nonas
579 2645 655 2744 Jan.
677 2668 776 2720 anno
809 2644 1072 2721 incarnationis
1097 2643 1248 2720 Domini
1281 2646 1389 2722 nostri
1421 2644 1504 2746 Jesu
1552 2685 1586 2751 4
1602 2664 1673 2743 121„
1741 2695 1748 2709 ·

227 2744 367 2823 christi
390 2744 704 2833 ucccrxxvu,
735 2745 935 2821 laureum
962 2746 1009 2835 r,
1041 2770 1140 2822 anno
1164 2748 1284 2847 primo
1308 2748 1503 2825 ludowici
1575 2764 1650 2840 arr·
1741 2746 1745 2756 '

226 2846 335 2940 regis
350 2844 390 2917 in
414 2844 580 2916 orientali
598 2844 752 2917 Francia
776 2848 974 2938 regnantis.
1027 2844 1165 2923 Attum
1185 2848 1439 2946 Franconofurr
1463 2850 1501 2928 iu
1547 2928 1552 2935 ,

229 2946 307 3023 Dei
320 2942 469 3021 nomine
481 2942 633 3019 feliciter
641 2964 760 3017 amen.
786 2942 922 3020 Christe
936 2960 1083 3045 protege
1097 2949 1351 3027 Hludovicum
1364 2973 1500 3048 regem.

309 3148 433 3235 odem
449 3126 640 3275 tempore
654 3110 880 3233 Liutherus
897 3143 1111 3347 reliffifus
1128 3149 1173 3235 br
1187 3146 1417 3265 {perflabilis
1433 3154 1500 3237 vir

333 3258 491 3379 praedia
508 3256 582 3344 fua
597 3284 641 3341 1n
663 3254 958 3372 Lobodrngowc
1044 3258 1114 3349 uo
1127 3260 1312 3351 Nazario
1330 3288 1405 3379 per
1421 3260 1502 3397 hoc

231 3374 526 3491 testamentum
545 3352 729 3456 tradidit.

225 3564 413 3695 Duratio
440 3590 631 3687 Liutheri
646 3590 688 3679 in
705 3478 1136 3709 Husoiffialffinleim
1154 3592 1207 3691 li
1224 3592 1268 3679 in
1288 3590 1381 3680 aliis
1396 3594 1501 3683 toris·

225 3774 285 3905 In
301 3760 370 3837 Dei
384 3760 642 3878 omnipotentis
663 3760 826 3836 nornine.
872 3758 961 3883 ¹Ego
986 3760 1246 3877 brucururus
1264 3758 1431 3879 cogitans
1455 3760 1501 3835 de

282 3862 402 3940 salute
418 3885 549 3940 animae
563 3884 673 3951 meae,
700 3860 739 3939 δι
753 3862 800 3937 de
827 3860 1018 3939 abolendrs
1036 3878 1197 3961 peccatu
1217 3883 1335 3951 mers,
1363 3862 1498 3939 beate·

203 4048 205 4053 ,
229 3986 363 4068 queac
375 3978 561 4070 perpetue
575 3966 662 4047 vitae
674 3962 1133 4168 praembslzorglequendir,
1158 3964 1221 4045 seu
1234 3964 1348 4045 etiarn
1363 3985 1499 4149 trilaurlen·
