4000 5417
504 499 579 572 206
876 483 1061 564 ennon.
1088 504 1149 560 nr
1176 480 1393 561 Caruere
1439 535 1460 550 .-
1522 508 1526 513 ’

503 794 549 879 in
575 786 762 906 sequenti
788 805 904 876 tanta
932 783 1127 874 fertilitas
1155 787 1371 889 melfium,
1400 804 1450 872 ut
1478 751 1677 875 oblivioni
1703 790 1773 876 da·

507 925 623 992 retur
651 901 856 988 retroacta
877 902 988 1014 jugis
1014 903 1144 991 trium
1171 926 1376 986 annorum
1401 895 1603 986 sterilitas.
1659 902 1774 991 Inter

398 1105 404 1113 ,
507 1012 707 1102 miracula
724 1043 828 1102 vero
847 1011 914 1102 vel
941 1037 1043 1099 tunc
1058 1009 1126 1102 vel
1142 1013 1337 1126 deinceps
1365 1009 1494 1113 faeta,
1524 1010 1626 1099 illud
1652 1034 1770 1102 tanto
1914 1021 1917 1024 ’

507 1125 836 1226 ammirabilium
873 1147 1031 1238 quanto
1071 1122 1295 1211 terribilius
1328 1121 1535 1224 habetur,
1565 1127 1679 1238 quod
1703 1130 1773 1213 ola

505 1239 705 1356 prellores
722 1235 891 1323 familiae
907 1234 992 1324 suae
1021 1239 1170 1323 beatus
1186 1259 1348 1346 martyr
1365 1265 1390 1320 a
1406 1234 1677 1324 translatione
1702 1234 1773 1325 sua

504 1379 641 1464 usque
660 1348 713 1434 ad
729 1349 809 1457 hoe
836 1351 1039 1466 temporis
1054 1375 1284 1463 numquam
1311 1345 1445 1461 pallus
1464 1349 1521 1434 est
1537 1353 1597 1433 im
1626 1380 1709 1436 une
1729 1351 1775 1438 δι

506 1467 666 1576 absque
682 1463 801 1575 gravi
813 1462 1164 1548 animadversione
1180 1464 1269 1549 vita
1284 1460 1500 1546 excedere.
1618 1465 1641 1482 '‘
1659 1491 1774 1552 narn·

506 1572 717 1690 que'bello
734 1577 912 1687 turpiter
929 1572 1042 1677 vitri,
1064 1571 1211 1660 dolore
1227 1572 1438 1687 taedioque
1483 1569 1649 1661 robrose
1666 1579 1772 1691 peris

506 1707 663 1789 erunt,
691 1683 759 1770 alii
783 1687 962 1772 intestati
986 1687 1032 1773 ὃ(
1069 1685 1328 1773 exhaeredati
1363 1713 1390 1799 p
1480 1688 1520 1770 ia
1547 1715 1597 1772 ac
1623 1687 1770 1773 benefi-

444 1857 447 1866 ·
476 1871 480 1883 .
508 1803 576 1884 cia
601 1796 672 1884 sua
703 1800 915 1882 extraneis
944 1799 1177 1912 poffidenda
1194 1797 1483 1910 reliquerunt,
1519 1796 1589 1885 alii
1625 1794 1773 1887 subita-

508 1937 588 1998 nea
606 1929 743 1995 morte
760 1913 995 2024 praeventi,
1026 1906 1224 2026 praeclusa
1250 1939 1355 1999 voce
1380 1914 1693 2028 impoenitentes
1717 1916 1775 1998 in⁴

505 2039 573 2110 ter
599 2025 763 2136 rapinas
798 2047 1031 2140 pauperum
1058 2019 1402 2138 exspiraverant,
1437 2022 1507 2110 alii
1535 2025 1777 2141 putrefallis

504 2132 704 2224 vitalibus
729 2131 858 2220 inflati
887 2136 1114 2251 &turgidi
1142 2132 1322 2225 scatente
1349 2132 1584 2224 laniacum
1621 2135 1777 2224 foetore
1821 2213 1826 2223 .

506 2245 758 2364 putidillimo
783 2250 1094 2353 extabuerunt,
1124 2246 1193 2333 alii
1209 2245 1501 2362 -interepulas
1515 2277 1574 2333 ex
1602 2251 1782 2379 inopum-

508 2361 634 2446 rebus
652 2382 871 2474 apparatas
887 2356 1066 2448 subitam
1094 2363 1227 2447 totius
1252 2363 1438 2474 corporis
1454 2355 1654 2472 paralysin
1676 2361 1773 2442 mci·

507 2471 678 2573 derunt,
706 2492 832 2584 atque
851 2469 943 2585 plus
972 2475 1137 2558 biennio
1154 2470 1339 2584 elingues
1357 2470 1402 2556 dr
1427 2472 1558 2570 muti,
1583 2469 1772 2557 rebus&

507 2581 665 2668 honore
682 2587 835 2698 privati
853 2589 985 2672 vitam
1003 2583 1206 2668 finierunt.
1264 2579 1472 2694 Reliquiae
1501 2608 1680 2694 quoque
1696 2586 1772 2669 im·
1794 2598 1805 2604 ’

538 2698 674 2784 iorum
690 2697 860 2783 cottidie
877 2696 1133 2794 deficientes,
1161 2692 1520 2806 quemadmodum
1532 2691 1687 2794 firmus,
1705 2694 1772 2803 def

507 2721 651 2895 lciunt
671 2871 682 2911 ‚
705 2809 755 2896 ·&
772 2808 825 2894 ad
845 2804 1043 2892 nichilum
1058 2799 1313 2907 de‘veniunt‚
1341 2806 1691 2919 tamquam'aqua
1705 2804 1773 2890 de·

341 2940 377 2974 ·‘
507 2947 691 3020 currens.
747 2923 911 3032 Martyr
934 2920 1089 3033 quippe
1113 2919 1247 3005 noster
1268 2918 1456 3031 patiens,
1484 2914 1555 3004 sed
1571 2916 1775 3022 fortisest
1806 2982 1817 3008 1

265 3084 273 3120 s
349 3049 376 3070 ·'
489 3033 694 3132 vredditor
713 3065 724 3130 ;
753 3035 930 3120 intendit
948 3035 1061 3117 enim
1080 3059 1225 3120 arcum
1241 3022 1392 3132 suum,
1422 3029 1554 3114 donec
1569 3030 1775 3116 infirmen-

509 3167 609 3250 t'ur,
637 3165 685 3232 ut
701 3169 794 3231 turn
819 3147 919 3230 licut
939 3165 1067 3244 cera,
1095 3127 1193 3255 quae
1218 3140 1353 3228 fluita
1378 3139 1482 3226 facie
1499 3143 1635 3254 ignis,
1663 3140 1774 3227 aufe·

510 3279 656 3345 rantur
668 3291 686 3370 Ις
717 3258 825 3343 unde
845 3255 1119 3358 metuendum
1136 3253 1213 3355 est,
1232 3283 1285 3338 ne
1299 3255 1424 3364 juxta
1451 3250 1671 3340 Danielem
1688 3282 1775 3340 rur·

507 3365 601 3458 sum
617 3399 675 3456 ex
691 3368 890 3456 sententia
917 3365 1094 3481 vigilum
1120 3365 1337 3452 decretum
1354 3366 1403 3452 fit
1420 3427 1432 3466 ‚
1460 3361 1775 3480 sandlorumque

511 3479 646 3570 fermo
664 3512 713 3567 ac
731 3483 882 3596 petitio
896 3480 967 3582 fit,
994 3501 1044 3566 ut
1061 3479 1184 3566 arbor
1200 3475 1270 3563 illa
1288 3476 1411 3565 fortis
1431 3477 1476 3565 ἃ
1494 3505 1667 3592 magna,
1683 3507 1776 3593 pro·

512 3599 684 3683 ceritate
705 3593 862 3681 coelum
879 3594 1115 3708 adtingens,
1144 3593 1187 3678 in
1204 3593 1322 3702 cujus
1338 3594 1466 3676 ramis
1482 3588 1687 3693 volucres,
1704 3586 1776 3676 sub

266 3781 273 3788 .
333 3709 337 3714 “
424 3737 429 3742 ·
514 3711 633 3820 cujus
659 3710 810 3796 umbra
837 3707 976 3793 bestiae
993 3701 1372 3806 conversabantur,
1399 3706 1579 3818 praecisis
1601 3705 1689 3815 jam
1717 3733 1778 3788 ra·
1843 3815 1847 3818 ἢ
1953 3684 1955 3687 ’

513 3825 595 3953 mis
623 3819 775 4018 epus&
803 3818 974 3950 decuffis
1000 3815 1111 3948 foliis
1140 3813 1224 3948 ipsa
1250 3843 1419 3931 quoque
1436 3814 1708 3917 succidatur,
1734 3815 1778 3900 dt

513 3961 695 4136 rata
715 3927 1267 4142 illationum·
1318 3929 1405 4022 δώ
1432 3928 1524 4041 he
1560 3927 1777 4086 la*

756 4167 758 4170 ’
829 4151 837 4158 ’
1595 4145 1722 4248 Res·
1806 4201 1812 4212 ·
