4000 5417
565 410 674 490 sne.
702 408 741 487 X
766 408 970 491 Orsoua
997 413 1051 489 Μ.
1079 434 1184 489 rme.
1427 422 1493 510 '131

762 568 968 598 ..ψ’

229 631 403 648 ..ιιι-ιιι-

229 740 323 793 rum.
349 717 491 793 Notum
523 708 567 787 fit
597 715 765 791 onmibus
786 728 864 791 tarn
891 714 1134 815 praesentibus
1160 738 1274 815 quam
1294 712 1334 791 dt
1365 714 1501 790 suturis

228 819 425 907 fidelibus;
454 814 613 910 qualiter
635 816 682 891 ob
708 840 872 893 amorem
899 820 968 893 Dei
990 818 1030 895 dt
1056 820 1192 897 animae
1223 814 1354 893 nostrae
1382 836 1499 891 reme·

228 920 334 995 dium
349 918 537 1011 abbatiam
552 918 715 993 coenobio
741 921 953 995 lauresham
969 922 1239 1019 appendentem
1253 918 1291 993 in
1304 939 1422 993 unum
1435 917 1498 993 de·

228 1021 358 1117 inceps
371 1017 440 1093 else
454 1018 668 1107 collectam,
694 1019 864 1120 &ipsum
879 1022 1087 1096 coenobium
1106 1019 1268 1117 regulari
1282 1019 1435 1107 ordine,
1460 1017 1499 1095 δι

228 1121 365 1197 abbate
381 1119 491 1194 solide
505 1118 543 1195 dt
558 1120 768 1196 inconvulse
794 1143 860 1219 per
879 1122 1004 1199 omnia
1019 1122 1161 1223 semper
1185 1122 1313 1217 vigere
1335 1119 1501 1195 decrevi·

229 1244 345 1316 mus;
371 1236 595 1320 quapropter
627 1221 840 1298 obsecrante
875 1225 1072 1300 venerabili
1097 1226 1231 1301 abbate
1256 1222 1502 1310 Salemanno,

230 1324 352 1399 eidem
377 1320 597 1400 monasterio
622 1320 743 1399 nostra
769 1323 941 1399 elestione
969 1326 1216 1403 inthronizato
1238 1379 1249 1414 ,
1274 1324 1347 1399 hoc
1367 1321 1500 1399 nostrae

231 1425 455 1501 austoritatis
477 1438 704 1524 praeceptum
719 1424 796 1501 lieri
813 1426 998 1502 voluimus
1012 1481 1023 1517 ,
1048 1451 1123 1525 quo
1139 1424 1424 1526 praecedentium
1433 1448 1501 1501 au·

231 1526 430 1623 gustorum,
448 1526 583 1603 scilicet
598 1525 798 1603 illustris&
813 1528 940 1623 magni
954 1530 1110 1605 Cenon
1125 1531 1249 1629 piique
1262 1528 1500 1603 Hauoovrcr
1522 1530 1529 1543 ‘

217 1628 499 1723 ,benignitatem
526 1628 731 1716 imitando,
756 1630 967 1725 regularem
987 1630 1181 1706 monachis
1198 1629 1298 1703 illius
1318 1626 1497 1705 monaste·

227 1728 277 1803 rii
289 1728 344 1804 de·
362 1729 493 1805 abbate
514 1728 727 1804 eletiionem
752 1731 1015 1825 indulgemus,
1040 1730 1211 1827 &ipsam
1233 1729 1418 1803 abbatiam
1442 1752 1493 1803 ex

228 1830 372 1925 integro
387 1828 553 1927 potestati
568 1829 746 1906 abbatum
761 1831 809 1907 ad
824 1852 1062 1905 communem
1082 1831 1284 1905 utilitatem
1296 1828 1496 1901 monacho·

228 1952 317 2006 rum
341 1932 420 2005 Deo
443 1930 496 2007 ibi
514 1931 784 2009 samulantium
805 1930 1008 2007 subdimus.
1060 1931 1271 2007 statuimus
1290 1927 1404 2003 etiam
1421 1928 1498 2025 epi·

231 2032 402 2130 scopum,
429 2031 585 2128 iucujus
606 2033 782 2131 parochia
803 2031 913 2109 litum
934 2031 986 2107 est
999 2031 1116 2131 ipsum
1141 2028 1424 2115 monasterium,
1449 2051 1500 2103 ex

227 2132 396 2230 qualibet
410 2132 595 2208 occasione
608 2136 660 2211 ibi
673 2136 876 2232 irrumpere
900 2132 962 2209 seu
979 2131 1182 2209 monachos
1206 2128 1501 2207 irrationabiliter

225 2234 431 2331 inquietare
445 2259 518 2309 non
540 2234 696 2322 debere,
723 2259 791 2309 nec
814 2258 862 2309 ex
882 2236 994 2310 rebus
1019 2234 1229 2309 monasterii
1250 2232 1407 2307 inomni
1427 2229 1499 2305 im·

206 2335 317 2449 'perii
338 2334 446 2409 nostri
478 2336 613 2411 ditione
633 2336 796 2411 thelonei
820 2335 1051 2411 exaltionem
1073 2334 1176 2422 lieri,
1211 2355 1279 2409 nec
1305 2332 1499 2431 publicum

225 2436 386 2533 Judicem
406 2430 469 2511 seu
500 2438 701 2533 quemlibet
721 2460 770 2513 ex
792 2434 992 2531 judiciaria
1008 2436 1189 2537 'potestate
1214 2435 1275 2512 vel
1291 2434 1404 2510 aliam
1426 2430 1498 2507 ali·

229 2558 340 2635 quam
354 2540 542 2636 personam
558 2539 758 2638 quicquam
774 2538 964 2637 potestatis
978 2553 1046 2615 aut
1057 2536 1199 2634 negotii
1216 2536 1290 2612 sme
1305 2536 1498 2612 voluntate

229 2652 295 2716 aut
308 2638 475 2739 permissu
486 2640 630 2717 abbatis
642 2642 681 2717 in
695 2640 870 2717 omnibus
885 2639 1064 2739 saepeditii
1080 2636 1288 2719 monasterii
1302 2637 1413 2713 rebus
1426 2636 1495 2711 ha·

228 2742 315 2817 bere
329 2742 391 2816 vel
406 2762 585 2815 exercere.
635 2740 893 2840 Quicquidjus
919 2740 994 2817 lisci
1019 2744 1105 2817 inde
1125 2740 1275 2838 exigere
1297 2750 1495 2838 potuerat,

231 2864 284 2916 ex
296 2840 441 2933 integro
453 2840 493 2911 in
504 2840 588 2923 usus
595 2843 800 2916 monasterii
812 2844 941 2919 cedere
955 2844 1206 2941 praecipimus,
1220 2842 1392 2917 homines
1404 2861 1497 2935 quo·
1546 2840 1550 2845 ’

232 2962 310 3038 que
326 2940 504 3035 ingenuos
528 2936 588 3012 seu
609 2938 754 3026 servos,
781 2942 819 3013 in
834 2942 1096 3039 possessionibus
1110 2940 1318 3019 monasterii
1332 2962 1498 3017 comma·

195 3061 209 3089 s
232 3053 387 3129 nentes,
413 3038 646 3135 distringere,
673 3038 745 3117 live
765 3040 858 3139 ipsas
874 3042 1095 3141 possessiones
1112 3057 1242 3121 contra
1266 3043 1410 3119 abbatis
1436 3042 1498 3116 de·

234 3158 377 3223 cretum
392 3142 557 3227 intrare,
585 3140 648 3215 seu
661 3142 709 3217 ad
734 3142 863 3219 causas
886 3146 1116 3235 audiendas,
1141 3145 1204 3221 seu
1216 3143 1422 3221 mansiones
1443 3142 1499 3215 fa·

235 3245 411 3333 ciendas,
438 3256 504 3319 aut
518 3240 624 3317 freda
646 3244 705 3317 vel
730 3244 868 3319 tributa
888 3248 1095 3343 exigenda,
1118 3249 1181 3323 vel
1193 3248 1312 3322 ullam
1326 3247 1364 3319 in
1378 3243 1502 3337 aliquo

234 3346 452 3423 violentiam
465 3343 700 3431 faciendam,
726 3346 901 3420 omnibus
917 3351 1067 3423 omnino
1088 3338 1300 3423 hominibus
1325 3342 1502 3443 perhanc

179 3466 184 3471 ·
234 3448 366 3548 nostrae
381 3443 628 3523 immunitatis
644 3443 940 3543 conscriptionem
956 3447 1103 3546 prorsus
1116 3447 1376 3530 interdicimus,
1391 3456 1504 3537 atque

235 3550 285 3627 ab
299 3546 513 3644 hujusmodi
528 3548 586 3621 vel
612 3545 720 3621 fimili
733 3544 1018 3646 praesumptione
1032 3548 1179 3625 candos
1193 3570 1258 3645 per
1269 3545 1398 3621 omnia
1410 3558 1504 3617 tem·

233 3672 330 3751 pora
352 3649 578 3735 inhibemus,
605 3649 782 3745 quatinus
794 3644 908 3723 abbas
923 3647 962 3743 dt
979 3648 1151 3731 monachi
1167 3648 1293 3721 omnia
1308 3646 1395 3718 illuc
1412 3642 1505 3742 aspi·

235 3749 378 3826 cientia
392 3748 455 3824 sub
468 3747 772 3840 nostra-tuitione,
799 3770 874 3847 quo
890 3750 1058 3846 quietiori
1074 3748 1197 3824 ordine
1210 3745 1444 3848 possederint,
1460 3768 1504 3819 eo

233 3852 393 3930 liberius
406 3874 471 3950 pro
497 3850 590 3927 statu
611 3853 781 3953 imperii,
808 3850 999 3949 nostraque
1025 3850 1140 3927 salute
1166 3852 1245 3927 Deo
1261 3860 1401 3926 vacent
1455 3846 1504 3923 Et

234 3966 282 4033 ut
299 3952 374 4033 hoc
401 3954 626 4041 austoritatis
650 3953 779 4034 nostrae
799 3969 1029 4137 paeceptum
1049 3952 1199 4035 sumum
1216 3950 1258 4034 dr
1281 3949 1502 4134 lsspglpaper·

893 4082 916 4138 2
1436 4102 1451 4145 r
