4000 5417
639 459 698 516 nr
725 457 852 516 eaeo
877 437 1172 520 Raunsnsr.
1461 467 1537 546 323

1361 659 1539 680 ῃ

148 743 159 766 “
261 747 402 824 stabilis
413 755 630 846 permaneat
642 742 872 842 stipulatione
887 705 1053 822 subnixa.
1106 742 1244 822 Atium
1259 743 1300 819 in
1319 743 1535 820 monasterio

260 847 476 926 hermiam
490 843 554 920 sub
568 847 628 919 die
644 847 696 920 iil
708 845 889 921 kalendas
916 843 1088 942 Augusti.
1121 846 1277 943 Signum
1291 845 1452 934 Geroldi‚
1467 846 1533 943 qui
1569 867 1623 935 30·
1641 846 1716 938 Juif.

260 945 625 1150 {ffivfgtiilitsionem
638 945 735 1023 fecit.
788 947 872 1045 Ego
886 942 1073 1028 Rudoifus
1091 947 1192 1032 hauc
1208 947 1458 1065 venditionem
1472 970 1546 1105 rof

233 1396 441 1500 ¹Duratio
480 1397 692 1500 Walthm'
718 1399 772 1504 ὅ
792 1250 1106 1524 {irrignus
1157 1406 1461 1528 Wllistruindae
1484 1409 1528 1504 in

318 1521 501 1632 Eberstot
527 1549 631 1607 anno
667 1517 818 1612 XIIII
839 1519 957 1632 regni
993 1521 1140 1610 domini
1163 1523 1286 1635 nostri
1317 1522 1465 1618 Korolr'
1506 1635 1520 1666 J

590 1633 749 1744 magni,
774 1630 1021 1738 Habuericho
1047 1635 1200 1765 obbae.

257 1804 359 1936 Nos
380 1796 420 1873 in
445 1796 515 1873 Dei
536 1797 685 1874 nomine
714 1798 930 1881 Waltherus
948 1797 1107 1876 dt'uxor
1127 1815 1213 1874 mea
1242 1799 1529 1877 Suuiliiiituinda

340 1899 523 1976 donamus
550 1900 598 1974 ad
638 1900 800 1978 santium
824 1901 1028 1978 Nazarium
1054 1914 1258 1998 martyrem
1284 1900 1439 1988 Christi,
1466 1897 1530 1998 qui

257 1999 451 2097 requiescit
462 2001 503 2077 in
517 2023 666 2102 corpore
680 2003 720 2080 in
733 2026 830 2102 pago
846 2001 1005 2092 Rinenii,
1023 2001 1061 2078 in
1074 2002 1299 2090 monasterio,
1307 2005 1404 2100 quod
1417 2024 1528 2076 voca·

255 2101 1528 2204 tutLauresham,superfluviumWiffcozsitum,veladiilamsanitam

256 2205 579 2300 congregationem
594 2207 874 2293 monachorum,
888 2227 974 2302 quae
983 2205 1122 2280 ibidem
1132 2199 1211 2279 Deo
1225 2205 1355 2280 servire
1370 2204 1527 2292 videtur,

256 2303 321 2379 ubi
335 2303 375 2380 dc
392 2306 449 2380 vir
456 2305 675 2382 venerabilis
689 2305 928 2381 Helmericus
942 2307 1057 2383 abbas
1070 2304 1216 2421 praeeffe
1223 2305 1455 2401 dignoscitur,
1463 2306 1528 2378 do-

249 2405 1527 2607 imminuiffisiiitt{timidissimum

254 2607 433 2706 quidquid
452 2611 504 2685 ibi
519 2607 584 2688 visi
607 2610 748 2687 firimus
761 2611 916 2699 habere,
938 2623 1020 2686 tam
1034 2607 1189 2700 manis,
1213 2608 1375 2709 campis,
1400 2607 1529 2705 pratis,

254 2708 411 2806 pascuis,
424 2709 560 2806 perviis
576 2763 586 2797 ‚
612 2712 722 2801 silvis,
738 2713 866 2809 aquis,
881 2734 1110 2810 aquarumve
1131 2711 1359 2799 decursibus,
1375 2709 1424 2784 ad
1436 2709 1528 2784 inte·

256 2829 368 2900 grum
392 2829 415 2879 a
439 2809 498 2878 die
518 2809 693 2902 praesente
708 2814 754 2884 de
776 2811 859 2908 jure
891 2813 1012 2888 nostro
1033 2814 1073 2888 in
1089 2812 1151 2909 jus
1176 2811 1530 2890 &dominationem

257 2903 370 2980 saniii
395 2903 546 2979 Nazarii
566 2910 776 2996 tradimus,
804 2926 916 3006 atque
947 2913 1269 3001 transfundimus,
1300 2913 1340 2986 in
1366 2909 1436 2985 Dei
1461 2935 1549 2986 no··

257 3008 357 3083 mine
369 3003 630 3105 perpetualiter
645 3009 693 3083 ad
707 3007 977 3108 poffidendum,
1004 3011 1060 3088 ita
1075 3025 1118 3088 ut
1133 3011 1179 3090 ab
1199 3013 1272 3090 hac
1285 3012 1453 3112 praesenti
1468 3012 1530 3088 die

258 3109 307 3185 ad
327 3108 449 3208 ipsum
469 3108 595 3183 locum
615 3108 778 3187 santium
794 3113 855 3188 vel
873 3113 921 3188 ad
942 3126 1096 3211 agentes
1118 3113 1226 3214 ipsius
1247 3115 1531 3213 omnitempore

255 3210 424 3311 proficiat
445 3211 484 3286 in
500 3223 745 3306 augmentum
769 3211 1000 3314 stipulatione
1015 3214 1182 3293 subnixa.
1235 3215 1373 3294 Atium
1393 3216 1433 3290 in
1446 3237 1527 3288 mo·

256 3311 412 3389 nasterio
444 3311 658 3388 maiam
692 3312 756 3389 sub
788 3313 850 3390 die
873 3317 1053 3394 kalendas
1079 3316 1316 3417 Septembris.
1368 3316 1527 3409 Signum
1566 3343 1596 3390 1.
1611 3319 1694 3408 Sept.

106 3418 114 3432 ’
255 3413 451 3492 Waldheri
485 3412 524 3491 dt
545 3411 713 3511 conjugis
734 3410 815 3508 ejus
835 3415 1144 3505 ‚Willisuuindae,
1170 3417 1233 3514 qui
1255 3417 1352 3493 hanc
1383 3411 1526 3488 donati·
1593 3455 1598 3468 ι

139 3531 143 3538 ’
257 3535 368 3586 onem
381 3513 460 3589 fieri
478 3513 516 3592 dt
541 3515 680 3592 firmari
703 3530 961 3613 rogaverunt,
987 3517 1134 3614 signum
1159 3516 1355 3618 Riphwin,
1380 3511 1525 3590 srahel.

256 3613 341 3708 Ego
356 3613 555 3694 Donadeus
568 3616 699 3720 scripti.
