4000 5417
615 439 671 492 ru
700 437 824 490 racto
852 415 1143 491 Rnuttttttsn
1450 441 1518 514 291

240 726 384 803 tionem
398 749 423 802 a
439 745 500 798 me
525 719 663 797 fatiam
685 720 812 794 venire
834 719 1098 818 temptaverit,
1125 731 1289 798 autenm
1305 717 1520 814 infringere,

231 829 299 907 =vel
313 829 513 904 immutare
535 822 721 908 voluerit,
748 834 837 896 tunc
852 820 989 898 inferat
1000 823 1050 899 ad
1064 820 1183 922 ipsum
1200 822 1323 896 locum
1346 821 1518 908 santium,

237 929 299 1005 vel
312 930 361 1005 ad
375 940 527 1024 agentes
539 923 621 1020 ejus
635 923 715 999 auri
730 921 862 998 uncias
877 923 982 1013 duas,
998 925 1142 1022 argenti
1155 923 1316 1024 pondera
1325 921 1379 1020 jjjj
1397 923 1518 998 multa

238 1031 436 1118 sustineat,
462 1026 616 1124 &quod
639 1025 800 1123 repetit,
826 1027 1045 1103 evendicare
1071 1052 1146 1102 non
1169 1027 1318 1114 valeat,
1347 1024 1407 1102 sed
1421 1047 1515 1123 prae·

240 1132 322 1208 sens
335 1131 489 1208 donatio
504 1128 607 1204 omni
622 1142 787 1226 tempore
802 1123 911 1204 sinna
941 1126 1134 1205 &stabilis
1154 1141 1388 1229 permaneat,
1404 1126 1514 1226 stipuss

237 1234 379 1310 latione
403 1232 571 1310 subnixa.
624 1227 764 1304 Attum
785 1227 825 1302 in
858 1229 1073 1306 monasterio
1098 1230 1336 1321 lauresham,
1362 1229 1516 1331 perscri-

237 1349 374 1436 ptaque
389 1334 467 1425 est,
494 1334 558 1410 sub
574 1331 634 1407 die
655 1330 727 1406 ΧΗ
750 1327 931 1407 kalendas
955 1332 1155 1410 Februarii.
1209 1334 1368 1432 Signum
1397 1331 1515 1409 Hein-
1551 1347 1604 1398 21·
1617 1324 1688 1402 Jtn·

237 1437 304 1514 rici
317 1436 482 1525 comitis,
509 1437 576 1534 qui
596 1435 696 1510 hanc
730 1430 969 1509 donationem
990 1434 1079 1511 fecit
1118 1435 1158 1512 dt
1179 1435 1318 1513 firmari
1349 1436 1513 1532 rogavit,

237 1539 382 1636 signum
414 1537 621 1635 Heiningi,
643 1531 872 1623 Guntrami‚
903 1536 1143 1614 Beretbelmi.
1176 1537 1328 1616 Samuel
1360 1550 1513 1634 rogatus

241 1640 454 1738 subscripsit.
568 1695 573 1721 .

317 1842 560 1934 ouationem
587 1840 749 1926 domini
779 1834 1013 1931 Werinheri
1043 1839 1211 1926 comitis
1231 1838 1283 1922 de
1318 1835 1386 1926 W
1378 1833 1513 1922 athen·

345 1951 447 2038 lm'm
464 1953 510 2039 bt
543 1947 777 2063 Zussr'stlrein
804 1953 850 2039 ἂ
876 1951 1050 2064 Bibiloa.
1063 1953 1229 2063 require
1256 1951 1365 2036 inte'r
1388 1949 1513 2034 dona·

238 2068 378 2156 tiones
396 2063 557 2152 domini
583 2065 793 2156 Ludovioi
809 2067 870 2181 pii
886 2057 1155 2182 impefssoris
1174 2068 1295 2179 (pag.
1312 2065 1405 2178 57.)

459 2207 469 2254 t

233 2403 415 2504 Donutr'o
433 2404 623 2515 Nandolfi
636 2403 689 2503 fi?
706 2275 1186 2534 confflbeilne,
1203 2429 1304 2521 quae
1317 2399 1442 2520 fabia
1460 2409 1511 2518 est

208 2612 212 2621 ,
238 2549 343 2609 anno
362 2518 632 2612 XXXVIII
651 2547 767 2633 regns
791 2516 941 2646 domim
957 2517 1081 2646 nostri
1093 2518 1229 2648 glorio
1243 2519 1346 2636 fflmi
1362 2518 1511 2613 Karolt'

439 2648 447 2662 ’·
595 2632 854 2748 imperatorne
872 2658 916 2717 m
940 2629 1161 2744 Zullrstem.

236 2805 340 2933 Ego
352 2798 394 2871 in
406 2796 466 2871 dei
479 2797 628 2872 nomine
648 2797 818 2874 Nandolf
826 2793 866 2874 dt
878 2795 1016 2894 conjux
1037 2821 1123 2878 mea
1146 2799 1255 2878 Geila
1267 2823 1333 2901 pro
1346 2799 1511 2876 remedio

318 2897 456 2970 anirnae
469 2895 625 3002 nostrm,
649 2896 711 2972 seu
726 2911 948 2996 proaetema
968 2901 1206 2978 retributione
1227 2903 1364 3002 pariter
1395 2903 1511 2978 dona·
1638 2893 1650 2916 '

239 3017 327 3073 mus
341 2995 391 3071 ad
405 2993 568 3098 santium
589 2994 794 3072 Nazarium
811 3009 1017 3096 martyrem
1042 3001 1205 3092 Christi,
1231 3004 1296 3100 qui
1318 3003 1513 3101 requiescit

238 3100 278 3177 in
298 3118 450 3200 corpore
472 3094 519 3192 in]
532 3095 900 3198 monasterio,·quod
912 3116 1069 3180 vocatur
1091 3103 1305 3182 mosam
1319 3159 1330 3194 ,
1344 3100 1388 3184 ss
1402 3117 1512 3180 cetera

236 3224 343 3299 usqu
370 3225 380 3276 τ
406 3221 486 3276 rem
502 3220 629 3275 meam
646 3251 656 3286 2
681 3197 754 3274 hoc
772 3199 826 3276 est
840 3201 880 3280 in
890 3205 1003 3296 villa,
1028 3229 1113 3305 quae
1125 3207 1260 3284 dicitur
1285 3206 1508 3308 Zntlesthaein,

240 3325 389 3379 omnem
404 3324 482 3379 rem
502 3301 735 3401 proprietatis
754 3325 850 3381 meae
865 3307 927 3383 vel
937 3307 1092 3401 nostrae,
1117 3310 1210 3386 nihil
1226 3309 1512 3409 praetermitten-

239 3417 322 3490 tes,
348 3406 447 3501 quod
467 3429 543 3480 non
558 3403 766 3492 donemus,
791 3403 831 3483 δι
845 3409 1032 3509 mancipia
1052 3407 1155 3507 xxjjj,
1169 3433 1328 3508 quorum
1360 3408 1512 3484 nomina

239 3505 323 3580 sunt
336 3506 445 3582 haec:
471 3505 659 3595 Raddols,
676 3505 880 3597 waltheri,
906 3509 1111 3599 moriar,
1135 3513 1300 3598 Witrat,
1325 3507 1511 3592 Wachero

240 3604 451 3694 Hildibalt,
476 3609 695 3699 Waltman,
719 3608 948 3697 Welafrith,
973 3609 1184 3699 Adelhere,
1211 3613 1389 3700 Rutmar,
1416 3609 1512 3685 Rut-

239 3705 341 3795 birn,
367 3705 599 3800 Adelswint,
612 3709 849 3810 Hugiswint,
873 3709 1057 3802 Stillerat,
1077 3714 1281 3808 Meginrat,
1298 3709 1512 3812 Ruthouhe,

241 3807 470 3898 Guntheitb,
496 3811 649 3890 Rutwic
665 3869 676 3902 ,
693 3813 897 3903 Ratbretb‚
921 3813 1094 3909 Luitger,
1109 3813 1240 3912 Otger,
1266 3835 1342 3888 una
1354 3834 1441 3889 cum
1449 3835 1513 3912 pe·

242 3910 375 3988 culiari
389 3931 519 3988 eorum
533 3912 583 3990 ad
603 3914 816 4017 integrum,
841 3941 865 3993 a
885 3915 946 3993 die
959 3915 1162 4017 praesente,
1188 3911 1231 3994 ὅ
1245 3914 1379 4010 reliqua
1390 3935 1512 4015 usqne:

241 4011 473 4115 stipulatione
487 4013 653 4097 subnixa.
703 4016 842 4099 Atrum
857 4017 897 4094 in
912 4017 1131 4102 monasterio
1155 4013 1368 4098 mentam
1381 4016 1517 4201 suipdie

843 4121 913 4200 oo
938 4147 961 4202 2
1393 4121 1429 4199 X
