4000 5417
548 422 657 503 Suc.
682 416 719 501 X
740 388 983 511 'Cuunnno
1009 444 1157 501 naon.
1391 457 1462 529 10⁹

48 609 52 619 ι
197 590 756 618 m-

189 730 352 903 Post*
376 724 673 817 Ludouuicum
701 724 876 814 Carolus
893 726 1150 815 occidentale
1169 758 1345 850 regnum
1370 732 1462 819 ade·
1497 744 1627 814 ‘Dedit

285 858 386 956 ptus
403 839 470 925 est
527 836 641 925 Nam
658 861 778 924 antea
796 836 1031 928 Galliarum
1047 850 1238 957 populus
1251 872 1350 929 eum
1365 874 1458 931 con·
1499 830 1623 902 freter.

185 952 310 1041 sensu
339 948 497 1045 Amoifi
526 954 802 1065 imperatoris,
828 950 989 1040 incursu
1016 958 1165 1041 crebro
1200 954 1455 1045 Northman·

185 1092 345 1153 norum
362 1058 625 1178 compulsus,
653 1062 851 1153 Udonem
875 1065 1026 1151 ducem
1042 1095 1186 1181 regem
1211 1067 1358 1198 elegit,
1387 1074 1460 1183 qui

185 1184 252 1265 eis
283 1198 426 1263 contra
454 1174 772 1265 Northmannos
797 1201 1083 1293 propugnator
1109 1182 1328 1269 indefessus
1353 1186 1461 1269 exti-

186 1295 274 1393 tit,
304 1311 430 1401 atque
454 1291 514 1375 ita
547 1288 743 1402 deinoeps
762 1288 813 1373 ab
835 1286 913 1373 hoc
942 1318 1071 1404 regno
1096 1292 1330 1381 Galliarum
1347 1292 1457 1383 satia

184 1399 366 1489 diiceiiro
387 1400 456 1486 est.
512 1400 667 1491 Udone
692 1422 861 1486 mortuo
878 1399 1055 1491 succeffit
1082 1402 1270 1493 Carolus.
1306 1407 1357 1497 In
1381 1406 1463 1498 h0·.

182 1546 284 1603 rum
309 1511 557 1603 Carolorum
575 1508 733 1599 deceffu
749 1516 791 1597 in
819 1518 1040 1627 utriusque
1057 1521 1171 1631 regni
1189 1518 1347 1637 fastigio
1375 1520 1453 1609 Ca·

182 1626 375 1715 roiorum
393 1623 461 1711 ilia
481 1620 587 1709 celia
616 1626 836 1740 progenies
852 1624 960 1715 satia
976 1626 1034 1715 est
1051 1629 1258 1717 demedio
1274 1664 1287 1727 ς
1312 1660 1452 1745 quoea

179 1744 325 1879 primo
341 1767 450 1824 anno
478 1736 645 1852 Pippini
663 1739 772 1851 regis
800 1739 1059 1825 Francorum
1073 1766 1207 1851 usque
1223 1742 1275 1826 ad
1290 1746 1455 1829 obitum

179 1856 358 1939 istorum
371 1854 418 1943 vin
435 1878 479 1935 re
509 1851 549 1933 ia
576 1850 780 1963 dignitate
798 1844 947 1935 claruit
972 1854 1092 1935 annis
1110 1870 1279 1936 centum
1297 1848 1337 1955 ie
1366 1875 1456 1939 tua·
1594 1891 1598 1901 ·
1667 1902 1672 1911 .

182 1969 309 2079 ginta
318 1964 464 2049 tribus.
481 1878 744 2051 {vuarinus
754 1989 871 2061 vero,
882 1960 1309 2051 fraterEnerrnnm
1377 1991 1457 2051 An·
1533 1972 1540 1981 ’

180 2102 399 2177 canorus,
424 2070 634 2159 orientalis
651 2074 768 2187 regni
796 2095 960 2187 partem
980 2078 1089 2161 circa
1116 2072 1287 2161 Renum
1303 2078 1459 2177 tenuit,
1484 2092 1494 2129 '

175 2190 254 2303 qui
276 2191 407 2272 etiarn
438 2184 782 2273 Laureshamenfi
810 2186 1058 2275 monasterio
1085 2184 1363 2277 libertatis&
1382 2188 1459 2274 im·

73 2316 78 2323 ’
175 2300 400 2387 munitatis
415 2294 684 2412 privilegium
712 2295 905 2386 contulit.

761 2526 878 2620 LXI.

170 2666 433 2780 Praeceptum
458 2672 479 2717 ¹⁸
504 2662 706 2750 libertatis
745 2658 799 2759 tt
834 2656 1095 2749 immunitatis
1140 2656 1454 2781 Laurrshumen·
1488 2668 1634 2740 *Omifit

421 2777 471 2880 su
490 2774 656 2861 coenobii
682 2802 708 2859 a
727 2774 912 2861 Cunrodo
929 2803 1024 2891 rege
1043 2774 1195 2861 datum.

168 2955 222 3083 In
246 2936 401 3016 nomine
429 2934 555 3011 santiae
589 2934 855 3037 &individue
878 2938 1086 3015 Trinitatis.
1139 2934 1365 3014 Cunnuous
1397 2938 1452 3014 di-

221 3044 318 3121 vina
340 3050 522 3115 annuente
537 3034 737 3111 clementia
753 3058 817 3111 rex
835 3038 999 3115 inviiius.
1053 3038 1094 3114 Si
1116 3060 1206 3135 erga
1225 3039 1307 3115 loca
1319 3039 1455 3115 divinis

168 3145 340 3223 cultibus
365 3140 604 3237 mancipata,
630 3133 818 3214 &fratres
843 3139 880 3215 in
893 3140 1033 3217 eisdem
1049 3138 1140 3215 loeis
1167 3140 1246 3215 Deo
1261 3140 1453 3221 samunu-

168 3260 226 3325 tes
251 3257 404 3346 propter
430 3242 500 3316 Dei
529 3244 695 3315 amorem
718 3238 890 3317 beneficia
923 3256 1103 3342 oportuna
1124 3242 1327 3336 largimur,
1359 3262 1455 3339 prae-
1494 3253 1522 3335 '-

169 3351 296 3425 mium
324 3344 434 3443 nobisv
458 3342 557 3440 apud
582 3337 784 3429 Dominum
808 3356 955 3421 aeternae
980 3343 1284 3417 remunerationis
1305 3340 1456 3439 rependi

167 3476 248 3535 non,
259 3445 478 3523 diffidimus.
507 3441 740 3540 Quapropter
757 3444 921 3517 omniurn
935 3443 1101 3518 fidelium
1121 3442 1343 3529 nostrorum,
1359 3456 1454 3539 prae·
1563 3474 1569 3486 ·

167 3552 333 3627 sentium
350 3544 485 3627 scilicet
510 3542 802 3628 &futurorum,
828 3540 1005 3637 sagacitas
1019 3566 1086 3641 pro
1111 3558 1211 3615 certo
1231 3542 1451 3640 comperiat,

165 3666 361 3749 quatenus
374 3670 441 3722 nos
467 3644 534 3719 Dei
556 3644 697 3741 semper
713 3642 885 3717 timorem
909 3666 984 3741 prae
1013 3642 1131 3717 oculis
1143 3641 1323 3717 habentes
1338 3640 1376 3718 δι
1390 3665 1451 3716 co·

165 3754 370 3851 gitantes,
396 3746 577 3843 quomodo
604 3745 673 3819 Dei
687 3743 877 3821 servitium
900 3766 1005 3821 more
1028 3741 1290 3818 antecessorum
1314 3742 1450 3819 nostro·

72 3934 78 3952 ἱ
165 3878 275 3940 rum,
304 3872 437 3944 regum
455 3848 626 3924 videlicet
639 3846 678 3923 ὅ(
694 3846 981 3945 imperatorum,
1007 3846 1048 3920 in
1063 3844 1234 3920 omnibus
1248 3844 1448 3944 iocupleta-

165 3976 321 4045 remuS,
349 3952 447 4035 uude
467 3948 613 4053 imperii
636 3947 747 4027 nostri
773 3946 952 4125 ίίὃὺῑϋῑαε
972 3949 1023 4027 ad
1042 3946 1201 4050 praesens
1219 3944 1444 4128 firmarestcun
