4000 5417
514 407 1126 522 rurnodLooooorrurrsr.
1178 417 1184 420 ’
1314 534 1317 551 ,
1379 455 1455 552 545

183 659 539 681 -μ-ι--ι

40 739 43 784 ²
179 735 323 928 portin
336 741 431 850 pago
457 737 630 835 Rinen's1‚
657 746 696 824 in
718 741 962 835 monasterio,
985 748 1086 844 quod
1101 718 1262 826 *vocatur
1294 753 1451 830 Laures.¹
1485 772 1489 778 ·

209 875 290 940 arn,
316 852 380 926 ubi
396 851 451 927 vir
467 847 686 928 venerabilis
706 847 879 924 Rihbodo
894 849 991 924 abba
1004 849 1152 946 praeelle
1166 852 1321 942 videtur,
1335 855 1452 938 donas

40 965 42 994 ²
180 963 336 1050 tumque
350 953 390 1028 in
403 964 621 1050 perpetuum
638 949 706 1024 elle
720 950 805 1026 volo
816 946 830 1045 j
858 950 1030 1031 mansum
1044 952 1086 1027 in
1109 951 1324 1043 Sububam,
1338 978 1451 1053 quem

40 1051 43 1100 ³
128 1109 132 1127 r
181 1054 253 1154 ipse
268 1053 361 1130 mihi
378 1053 552 1141 tradidit,
578 1067 621 1127 ut
635 1052 818 1127 traderem
833 1071 900 1150 pro
916 1053 991 1151 ipso
1006 1054 1055 1129 ad
1067 1053 1229 1130 sanstturr
1244 1055 1291 1131 N.
1307 1057 1453 1154 quod&

178 1155 281 1244 feci,
308 1155 346 1232 dt
367 1169 465 1231 terra
489 1153 653 1230 aratoria
668 1150 767 1229 &de
783 1167 888 1250 prato
904 1168 1086 1250 quantum
1110 1157 1248 1232 ibidem
1263 1157 1363 1234 visus
1385 1158 1457 1234 fuit

180 1257 317 1334 habere
331 1255 405 1356 dte.
457 1255 594 1332 Attum
615 1256 654 1329 In
678 1255 893 1328 lauresham
906 1257 941 1330 X
954 1257 1134 1334 kalendas
1159 1257 1320 1360 Aprilis,
1346 1283 1454 1350 anno,
1484 1259 1640 1346 saisost.

181 1381 255 1456 quo
272 1359 391 1458 supra.
444 1359 602 1454 Signum
619 1355 866 1451 Reginbaldi,
893 1358 956 1456 qui
968 1357 1066 1435 hanc
1091 1360 1329 1443 donationem
1348 1362 1452 1456 fecit,

181 1459 327 1559 signum
351 1460 543 1550 metonis,
569 1457 754 1539 Hatonis-
795 1456 1041 1554 Reginbertus
1055 1460 1200 1563 scripsit

667 1655 971 1766 ,DCXXXV-
1011 1621 1016 1629 ’

444 1785 624 1879 Donatio
649 1785 830 1905 'liutgeri
858 1787 900 1876 in
918 1788 1058 1878 andem
1086 1791 1193 1881 vila.

179 1968 207 2100 Ι
223 1977 284 2032 em
301 1977 397 2032 anno
411 1951 542 2032 endem
562 1977 630 2052 ego
657 1953 897 2051 Rutgerus&
919 1952 1052 2051 conjux
1070 1977 1156 2032 mea
1177 1957 1371 2048 Waldmt,
1386 1983 1452 2060 pro

232 2057 394 2132 remedio
408 2058 544 2137 anImae
569 2059 782 2154 Beinungi,
808 2056 874 2132 filii
888 2057 1018 2146 nostri,
1045 2058 1228 2135 donamus
1241 2062 1379 2160 pariter
1404 2061 1453 2147 ad
1599 2136 1602 2140 ,

144 2201 148 2207 -
180 2157 343 2238 sanstum
366 2161 434 2236 Dei
455 2174 663 2256 martyrem
691 2157 997 2247 Nazarium,·&o.
1025 2164 1106 2234 rem
1120 2160 1278 2237 nostram
1305 2164 1343 2238 in
1356 2185 1453 2262 pago

181 2260 321 2340 Lobod.
337 2259 376 2336 in
402 2259 606 2345 Sicbnseim
622 2261 668 2336 de
681 2274 786 2358 prato
801 2261 850 2336 ad
862 2273 937 2336 tres
952 2261 1125 2337 carradas
1137 2262 1239 2352 sens,
1263 2263 1304 2341 iit
1321 2264 1362 2340 in
1390 2263 1453 2341 Ul·
1500 2279 1508 2286 '

180 2362 357 2435 uinisssim
367 2359 410 2461 jjj
433 2361 568 2458 jurnal.
577 2363 624 2436 de
637 2375 735 2438 terra
751 2362 879 2439 arabili
893 2385 918 2437 a
931 2363 991 2438 die
1005 2362 1174 2462 praesenti
1189 2365 1372 2442 donamus
1381 2365 1453 2441 &a

179 2461 318 2540 Adrum
334 2462 374 2537 in
389 2461 617 2556 monasterio
634 2463 849 2538 maestam
864 2463 899 2538 X
913 2464 1093 2540 kalendas
1117 2465 1241 2541 ottob.
1294 2466 1454 2562 Signum
1484 2503 1537 2554 22,
1550 2482 1636 2573 Sept,

180 2563 381 2660 Ruotgeri,
397 2565 461 2661 qui
475 2564 573 2648 itanc
588 2564 825 2642 donationem
837 2561 944 2655 fecit,
958 2562 1102 2664 sgnum
1114 2567 1350 2657 Ruottrudis,
1361 2568 1455 2649 'Ru-

181 2664 294 2740 cheri.
347 2666 596 2761 Reginbertus
613 2663 760 2765 scripsit.
1221 2687 1240 2721 ⁰

651 2811 986 2957 bcxxxtn(

413 2981 595 3080 Doaaiso
620 2986 890 3102 Erplroldiin
923 2991 1188 3086 radem'vilsa.

142 3181 144 3184 ·
209 3135 379 3232 n'Ch'risti
392 3151 539 3226 nomine
555 3151 618 3230 sub
635 3151 696 3230 die
718 3153 806 3232 VIII
821 3156 903 3234 idus
916 3157 1058 3260 Aprilis
1072 3187 1170 3240 anno
1183 3163 1255 3240 XX
1271 3163 1375 3262 regni
1388 3165 1454 3240 do·
1489 3183 1631 3269 dap..
1718 3165 1749 3258 J
1858 3187 1864 3201 “

235 3253 328 3332 mini
341 3252 449 3328 nostri
475 3252 603 3333 Xaroli
625 3255 860 3360 gloriosrffimi
886 3261 1117 3361 imperatoris
1138 3289 1208 3363 ego
1234 3266 1392 3364 Erpholt
1415 3265 1456 3342 dt

184 3356 321 3455 conjux
338 3377 422 3431 mea
446 3353 619 3451 Saligunt
631 3381 697 3458 pro
713 3363 873 3436 remedio
896 3365 1032 3443 animae
1056 3367 1185 3445 nostrae
1198 3368 1380 3442 donamus
1407 3365 1456 3442 ad

186 3458 348 3534 faustum
374 3457 443 3534 Dei
463 3471 668 3555 martyrem
695 3459 897 3537 Nazarium
921 3464 991 3542 ac.
1018 3487 1099 3542 rem
1122 3466 1281 3562 nostram
1296 3467 1335 3541 in
1360 3488 1455 3564 pago
1540 3472 1544 3481 “

114 3575 118 3580 ·
184 3559 375 3658 Lobodin
400 3557 629 3658 Sirbrnlm'mj
658 3560 825 3639 mansum
839 3587 926 3640 cum
940 3567 1112 3654 aedisicio,
1138 3566 1207 3662 dej
1224 3570 1339 3643 latere
1353 3578 1454 3645 tenet

187 3659 390 3745 Ekkihart,
405 3661 452 3742 de
466 3662 541 3736 alio
556 3661 768 3760 adjungitur
784 3664 912 3753 strata,
927 3667 974 3742 de
984 3665 1026 3765 jjj
1042 3669 1136 3745 ratio
1150 3668 1257 3746 fausti
1271 3669 1452 3766 bledardi,

187 3759 235 3833 de
245 3757 299 3854 jjjj
314 3759 425 3834 strata
438 3763 605 3860 publica,
631 3765 669 3844 tr
684 3765 860 3865 quidquid
875 3770 913 3844 in
928 3769 1000 3868 ipsa
1016 3793 1142 3857 marca
1158 3769 1221 3846 visr
1234 3770 1372 3847 suimus
1385 3770 1453 3846 ha·

187 3859 293 3946 bere,
309 3861 427 3948 terris,
443 3867 595 3965 campis,
610 3867 736 3966 pratis,
750 3869 903 3966 pascuis,
919 3872 1064 3969 perviis,
1079 3871 1190 3961 filuis,
1203 3873 1321 3969 aquis,
1337 3895 1452 3968 aqua-

189 3983 321 4078 rumve
336 3960 567 4057 decursibus,
593 3967 632 4046 &
647 3968 918 4154 mancipiazxjj,
944 3973 1209 4066 Giselbertum,
1224 3973 1460 4154 Wilagdum,

238 4123 244 4137 .
865 4095 926 4150 zz
1209 4130 1212 4135 ·
1348 4097 1405 4151 er-
