4000 5417
336 398 341 405 '
503 423 578 501 370
843 446 848 457 -
978 373 1333 469 hauriremus

500 556 1061 587 W

1049 691 1286 782 CCXCIX.
1375 776 1381 781 .

502 821 684 922 Duratio
709 819 918 950 Eberpaiai
940 818 983 950 ira
1009 820 1138 907 eadem
1164 821 1258 909 villa
1274 821 1373 907 anni
1385 824 1512 916 XVI
1519 828 1640 941 regni
1671 830 1771 950 Pip-

515 958 521 967 ·
774 932 871 1051 pani
891 962 1022 1047 regis,
1051 932 1305 1025 Gundelando
1334 935 1488 1027 abbate.
1573 960 1578 967 ’

498 1104 714 1252 lunomine
738 1098 907 1201 patris&
932 1098 999 1173 filii
1023 1098 1062 1177 dt
1082 1099 1230 1199 spiritus
1252 1099 1373 1178 saneti.
1425 1105 1494 1180 Ille
1507 1106 1604 1185 bene
1624 1110 1774 1211 poifidet

551 1230 611 1286 res
625 1206 748 1283 iuhoc
775 1202 921 1289 seculo,
948 1202 1012 1298 qui
1028 1201 1092 1276 fibi
1106 1202 1152 1276 de
1177 1202 1379 1280 caducis&
1403 1209 1557 1283 terrenis
1577 1230 1781 1312 comparat

442 1342 448 1358 ·
500 1312 642 1412 premia
666 1307 893 1404 sempiterna.
928 1302 1123 1401 Propterea
1143 1326 1214 1400 ego
1238 1304 1416 1383 Ebonvin
1430 1332 1494 1406 pro
1510 1304 1590 1386 'Dei
1605 1314 1772 1407 intuitu,

501 1415 563 1491 vel
577 1434 644 1511 pro
669 1409 804 1485 animae
827 1426 928 1481 meac.
942 1404 1133 1494 remedio,
1156 1404 1219 1480 seu
1234 1405 1352 1505 &pro
1377 1424 1515 1487 aeterna
1529 1415 1773 1493 retributione

500 1514 598 1591 dono
615 1510 840 1587 adientium
866 1504 999 1582 Christi
1012 1520 1218 1603 martyrem
1244 1508 1474 1601 Nazarium,
1501 1514 1563 1610 qui
1578 1516 1773 1614 requiestit

500 1618 540 1693 in
556 1635 705 1713 corpore
718 1613 866 1709 inpage
890 1606 1056 1697 Rinensr,
1069 1608 1109 1685 in
1124 1609 1360 1701 monasterio,
1385 1615 1483 1711 quod
1496 1630 1649 1694 vocatur
1669 1619 1771 1694 Lau·

500 1718 676 1802 remam,
704 1712 808 1809 super
821 1709 977 1785 fluvium
1002 1708 1157 1789 Wiffcoz
1172 1711 1256 1801 fito,
1281 1713 1345 1788 ubi
1360 1715 1419 1791 vir
1432 1720 1653 1796 venerabilis
1666 1722 1771 1795 Gun-

501 1816 683 1895 delandus
708 1812 821 1893 abbas
843 1809 989 1910 praeeffe
1014 1811 1186 1902 videtur,
1211 1813 1465 1914 donatumque
1487 1819 1526 1893 in
1552 1836 1770 1920 perpetuum

503 1919 571 1997 elie
586 1920 671 1995 volo
685 1938 763 1990 rem
779 1936 902 1989 meam
916 1914 1060 2012 inpage
1074 1912 1201 1989 cotra
1217 1914 1341 2007 idest,
1368 1920 1464 1995 duas
1483 1924 1640 2019 petiolas
1653 1924 1701 1999 de
1714 1923 1781 2001 ri·'

502 2046 573 2097 nea
593 2020 634 2095 in
657 2012 956 2114 Hantscuahainn
989 2015 1035 2089 de
1056 2013 1138 2111 jure
1163 2039 1249 2092 meo
1270 2016 1389 2115 injus
1409 2020 1449 2099 dt
1481 2023 1770 2101 dominationem

502 2123 610 2199 santii
623 2120 670 2197 N.
685 2116 789 2195 trado
805 2130 917 2214 atque
931 2115 1148 2193 transfundo
1164 2123 1425 2218 perpetualiter
1438 2124 1487 2199 ad
1511 2125 1771 2222 poffidendum,

501 2226 580 2312 ita,
607 2234 649 2299 ut
660 2221 706 2297 ab
722 2220 794 2295 hac
814 2219 874 2295 die
898 2216 1125 2318 &deinceps
1149 2221 1364 2318 potestatem
1377 2222 1545 2299 habeatis
1557 2226 1694 2300 exinde
1712 2227 1769 2301 fa·

502 2348 602 2414 cere,
628 2322 806 2421 quidquid
829 2319 1034 2395 volueritis.
1086 2320 1128 2395 si
1141 2324 1226 2418 quis
1247 2345 1361 2410 vero,
1386 2326 1483 2419 quod
1504 2324 1671 2399 futurum
1696 2325 1768 2399 eise

502 2428 656 2503 minime
669 2424 785 2523 spero,
812 2418 855 2499 ὅ
870 2424 1005 2519 reliqua
1019 2424 1133 2497 omnin
1144 2421 1315 2522 utsupra.
1364 2423 1502 2499 Attum
1523 2425 1562 2499 in
1586 2424 1766 2501 monaste·

501 2530 556 2605 rin
571 2527 783 2603 marnam
809 2524 861 2599 111
883 2522 967 2601 idus
989 2522 1171 2608 Novemb,
1196 2549 1291 2599 armo
1307 2524 1396 2600 XVI
1417 2525 1520 2621 regni
1533 2525 1674 2602 domini
1697 2550 1766 2601 no·
1872 2594 1877 2601 .
1993 2641 1994 2652 ¹

499 2630 562 2707 stri
577 2627 720 2807 Pippini
735 2623 846 2722 regis,
896 2623 1055 2721 Signum
1072 2624 1298 2741 Eporuuini,
1324 2625 1389 2722 qui
1408 2625 1505 2702 hanc
1527 2627 1770 2707 donationem

499 2734 606 2825 tecit,
646 2726 1134 2828 rgnumDautzo,Erlold1.
1184 2726 1413 2807 Harilandus
1428 2726 1578 2830 scripsit.
1771 2778 1774 2782 ·

729 3074 904 3165 Donatio
919 2928 1262 3185 ‚Gtmthegicgrino
1289 3100 1366 3191 quo
1382 3076 1526 3193 supra.

493 3236 596 3380 'Ego
618 3242 655 3317 in
671 3242 739 3317 Dei
759 3243 908 3319 nomine
921 3240 1107 3319 Guutheri
1126 3265 1195 3341 pro
1214 3245 1378 3319 remedio
1398 3244 1531 3321 animae
1550 3264 1645 3319 meae
1665 3241 1766 3319 dono

575 3342 794 3419 adientium
815 3343 948 3423 Christi
969 3358 1174 3440 martyrem
1189 3345 1236 3420 N.
1261 3347 1326 3443 qui
1348 3343 1537 3443 requiescit
1556 3345 1594 3420 in
1612 3367 1766 3442 corpora

495 3445 649 3543 inpage
673 3444 817 3520 Rinenfi
832 3450 854 3533 ,'
877 3446 917 3523 in
938 3445 1183 3533 monasterio,
1214 3448 1318 3542 quod
1343 3460 1498 3522 vocatur
1520 3445 1769 3535 Lauresham,

495 3547 599 3645 super
618 3546 773 3623 fluvium
787 3545 940 3627 Wiiicoz
961 3546 1045 3635 fito,
1073 3545 1137 3624 ubi
1158 3546 1222 3623 vir'
1237 3548 1455 3623 venerabilis
1471 3546 1629 3623 Gundel.
1652 3547 1772 3625 abbas

493 3648 638 3747 praeeffe
652 3650 812 3736 videtur,
838 3650 1090 3747 donatumque
1104 3649 1145 3722 in
1158 3662 1373 3747 perpetuum
1386 3646 1455 3722 eise
1471 3648 1579 3737 volo,
1604 3648 1675 3723 hoc
1695 3648 1768 3736 est,

491 3750 530 3825 in
550 3775 643 3847 pago
657 3748 780 3823 Labra
797 3752 834 3825 in
848 3748 1120 3848 Hantscusheim
1138 3752 1341 3847 portionem
1354 3745 1478 3825 meam
1492 3750 1539 3825 de
1553 3774 1628 3825 una
1642 3751 1765 3838 vinea,

490 3874 514 3925 a
528 3852 586 3927 die
595 3932 597 3937 ,
607 3849 784 3949 praesente
797 3853 900 3939 trado
915 3866 1027 3947 atque
1042 3852 1259 3945 transfundo
1273 3852 1318 3927 de
1330 3848 1412 3947 jure
1427 3873 1512 3927 meo
1525 3851 1564 3925 in
1574 3848 1683 3945 jus&
1697 3852 1765 3925 do·

489 3947 646 4031 minium
663 3952 771 4030 senui
777 3953 824 4030 N.
833 3954 886 4029 ita
900 3966 945 4029 ut
961 3952 1008 4028 ab
1015 3952 1087 4030 hac
1101 3950 1166 4058 die
1176 3950 1393 4054 &deinceps
1405 3953 1455 4031 ad
1467 3950 1771 4128 ipsumliantium

582 4114 584 4120 Α
1233 4065 1235 4074 ·
1601 4074 1711 4129 ocum
1841 4121 1846 4133 .
