4000 5417
565 518 615 575 η
916 469 1101 569 ennon.
1127 508 1188 566 rr
1214 487 1431 567 Cannam

560 654 1111 685 'mnu—¹·—
1544 690 1548 695 .

1092 706 1834 733 *m

559 794 607 869 de
623 791 766 892 proprio
784 790 924 895 semper
936 793 1096 889 gaudere
1111 807 1264 894 patrono
1280 794 1455 881 valeant,
1482 795 1571 892 quia
1586 799 1771 888 nolumus,
1787 814 1832 878 ut

559 917 625 996 per
646 895 807 991 aliquam
834 896 1058 971 occasionem
1079 896 1142 996 ipsr
1164 893 1363 983 monachi,
1403 918 1497 992 quos
1522 899 1694 976 dominus
1727 903 1831 977 Rud-

558 1018 701 1094 gangus
715 996 852 1085 etiam,
878 996 917 1073 dr
933 995 1198 1076 Gundelandus
1212 999 1260 1072 ad
1279 1020 1372 1097 opus
1397 997 1467 1072 Dei
1486 1004 1731 1077 exercendum
1745 1028 1832 1079 con·

558 1112 830 1195 gregaverunt,
868 1100 946 1175 ullo
968 1122 1134 1197 unquam
1166 1113 1330 1197 tempore
1353 1099 1487 1174 exinde
1512 1100 1663 1177 alienati
1684 1118 1751 1181 aut
1775 1106 1831 1181 di·

557 1197 679 1299 spersl,
700 1223 768 1275 nec
782 1198 863 1299 ipsr,
890 1224 956 1275 nec
974 1200 1186 1277 successores
1207 1223 1335 1275 eorum
1357 1199 1427 1276 esse
1451 1201 1631 1291 debeant,
1658 1203 1721 1307 sed
1739 1204 1831 1283 sicut

557 1301 596 1377 in
610 1300 824 1377 testamento
838 1300 938 1377 iilius
958 1303 1191 1389 donationiS,
1218 1325 1331 1399 quam
1345 1326 1409 1401 per
1433 1304 1777 1383 Wrnrrswrunnm
1791 1306 1832 1385 δι

558 1402 814 1479 Crucurnunr
837 1404 960 1503 adepti
974 1404 1073 1492 sunt,
1098 1404 1324 1492 continetur,
1350 1406 1406 1479 ita
1426 1404 1465 1479 in
1479 1405 1650 1482 omnibus
1664 1408 1762 1483 circa
1777 1408 1832 1507 ip·

558 1502 636 1581 sam
651 1505 974 1601 congregationem
994 1504 1039 1583 srt
1053 1506 1324 1594 conservatum,
1350 1521 1394 1581 ut
1406 1507 1555 1583 valeant
1576 1509 1745 1604 regulam
1770 1510 1831 1585 Sti

557 1604 746 1687 Benedisti
759 1608 1047 1706 perpetualiter,
1066 1606 1121 1683 -src
1135 1622 1178 1685 ut
1192 1610 1283 1682 ordo
1303 1608 1457 1697 edocet,
1483 1607 1520 1683 dr
1534 1610 1693 1709 corporis
1714 1608 1828 1705 fragi-

557 1708 645 1783 litas
665 1709 860 1807 permittit,
888 1706 1084 1797 custodire,
1110 1708 1149 1787 dr
1163 1708 1226 1785 sub
1251 1708 1380 1798 nostra,
1398 1723 1440 1783 ut
1463 1709 1649 1799 diximus,
1673 1712 1829 1787 munde·

555 1809 676 1887 burde
686 1810 746 1884 vel
767 1809 971 1905 defensione
985 1811 1026 1893 in
1044 1810 1122 1910 ipso
1140 1812 1357 1888 monasterio
1384 1811 1505 1909 quiete
1520 1812 1643 1887 vivere
1659 1790 1723 1889 ves
1746 1812 1829 1888 resr-

555 1913 651 1986 dere.
688 1912 883 2009 Propterea
896 1910 994 1988 hanc
1009 1915 1294 2013 praeceptionem
1313 1912 1470 1989 nostram
1483 1913 1537 1989 eis
1552 1916 1740 2003 dedimus,
1765 1938 1829 2014 per

554 2035 668 2111 quam
679 2014 829 2087 omnino
839 2010 1024 2109 jubemuS,
1039 2028 1084 2090 ut
1100 2016 1226 2091 nullus
1242 2016 1414 2113 quislibet
1427 2017 1473 2091 de
1484 2016 1735 2117 episcoporum
1747 2040 1827 2116 per·

554 2114 668 2202 sonis,
683 2114 722 2189 in
738 2105 842 2209 cujus
858 2115 1033 2212 parochia
1048 2116 1164 2215 ipsum
1179 2117 1437 2193 monasterium
1450 2116 1646 2195 fundatum
1671 2116 1739 2195 esse
1752 2140 1827 2195 cer·

552 2217 679 2304 nitur,
705 2228 771 2291 aut
787 2216 834 2292 de
847 2219 989 2293 caeteris
1002 2218 1239 2306 hominibus,
1266 2220 1348 2313 quis
1356 2217 1436 2312 jam
1449 2219 1587 2291 ditium
1614 2220 1827 2295 Gundesan·

552 2320 648 2395 dum
663 2316 836 2393 abbatem
856 2320 918 2395 vel
940 2318 1143 2395 monachos
1164 2342 1212 2393 ex
1232 2318 1308 2416 ipso
1330 2317 1547 2393 monasterio
1568 2316 1607 2395 dr
1628 2318 1825 2407 homines,

508 2506 517 2513 ‚
552 2419 615 2516 qui
631 2418 679 2493 ad
691 2442 755 2493 eos
765 2416 905 2515 juste&
919 2419 1216 2497 ratitionabiliter
1230 2419 1385 2518 spestare
1400 2417 1595 2507 videntur,
1621 2419 1826 2515 inquietare

552 2533 618 2596 aut
633 2520 868 2617 contingere,
897 2524 956 2599 vel
972 2536 1100 2597 contra
1124 2517 1454 2601 rationisordinem
1479 2519 1601 2594 facere
1615 2519 1825 2619 praesumat,

550 2620 610 2701 sed
625 2621 763 2725 semper
783 2624 933 2700 valeant
945 2624 1008 2701 sub
1022 2622 1142 2699 nostra
1155 2620 1356 2699 defensione
1383 2620 1444 2695 seu
1458 2619 1522 2698 sub
1536 2619 1744 2699 haeredibus
1757 2648 1825 2699 no·

550 2720 633 2803 stris¹
643 2726 743 2799 omni
757 2738 945 2828 tempore,
971 2740 1016 2802 ut
1029 2726 1217 2812 diximus,
1243 2724 1359 2821 quieti
1372 2722 1547 2812 residere,
1574 2722 1619 2799 de
1632 2724 1712 2813 eis,
1739 2747 1824 2822 quae

549 2825 626 2903 iilis
644 2840 790 2927 propter
802 2852 938 2905 nomen
952 2828 1091 2904 domini
1105 2826 1358 2913 concedmus,
1383 2826 1476 2901 bene
1491 2822 1631 2924 semper
1645 2826 1685 2901 in
1704 2827 1824 2902 omni·

517 2964 520 2976 ·
549 2927 620 3005 bus
632 2926 790 3029 perfrui,
824 2932 996 3029 quatinus
1016 2929 1171 3007 delesset
1191 2930 1365 3005 abbatem
1380 2928 1442 3003 vel
1467 2927 1670 3004 monachos
1683 2952 1731 3003 ex
1747 2928 1824 3028 ipso

549 3030 766 3107 monasterio
788 3046 853 3132 pro
868 3032 999 3121 nobis,
1026 3032 1065 3108 δι
1079 3032 1199 3108 nostra
1211 3029 1442 3127 subsequente
1455 3029 1627 3126 progenie
1639 3029 1699 3105 seu
1711 3044 1822 3124 gente

547 3132 772 3210 Francorum
799 3135 949 3211 Domini
971 3133 1259 3209 misericordiam
1281 3129 1682 3227 adtentiusdeprecari.
1712 3132 1763 3205 Et
1776 3144 1823 3208 ut

547 3232 630 3313 haec
651 3237 873 3313 ausshoritas
888 3236 1031 3313 firmior
1041 3234 1248 3321 habeatur,
1272 3234 1334 3309 ves
1348 3256 1413 3333 per
1426 3233 1592 3330 tempora
1604 3230 1737 3307 melius
1752 3231 1823 3307 ser·

546 3350 680 3426 vetur,
715 3361 830 3414 manu
854 3339 1000 3439 propria
1022 3336 1143 3412 subter
1168 3334 1399 3411 firmavimus
1422 3334 1479 3409 vei
1506 3334 1552 3407 de
1566 3331 1823 3418 anulonostro

547 3436 696 3535 sigillari
713 3438 887 3535 jussimus
940 3438 1144 3535 Witigowo
1159 3437 1368 3535 recognovi.
1418 3433 1575 3530 Signum
1588 3433 1717 3509 Karoli
1739 3437 1822 3532 glo·

516 3596 522 3611 ,
544 3538 716 3617 riosrssrmi
729 3543 839 3639 regis.
862 3542 1176 3639 Monograuuna..

543 3706 667 3915 Item
692 3682 879 3875 ejusdem
917 3745 1184 3873 privilegium
1219 3741 1499 3831 immunitatis
1526 3738 1572 3831 bt
1600 3740 1653 3829 de
1689 3736 1820 3827 libera

605 3852 805 3945 eleshone
836 3856 1010 3943 abbatis.
1037 3982 1042 3994 1
