4000 5417
528 501 634 580 Sne.
662 497 717 579 XI
742 499 1004 579 Harunrco
1030 497 1215 583 IV1un
1425 528 1498 608 213

224 723 580 748 W

223 815 330 894 nobis
345 809 629 888 misericordiam
654 807 805 883 Domini
829 807 964 884 melius
987 830 1139 886 exorare
1165 810 1328 886 deletiet.
1383 809 1434 884 Et
1448 819 1492 884 ut
1541 819 1545 826 “

222 919 314 995 haec
338 915 479 991 nostrae
505 908 745 986 conceffionis·
758 910 957 986 autioritas
979 909 1120 988 firmior
1140 911 1341 999 habeatur,
1367 935 1411 986 ac
1426 933 1492 1010 per

222 1019 347 1096 sutum
362 1031 528 1115 tempora
545 1011 749 1088 ahdelibus
772 1011 903 1088 nostris
918 1013 1053 1089 melius
1067 1015 1256 1103 credatur,
1280 1013 1320 1091 dr
1334 1013 1490 1108 diligen·

223 1121 298 1196 tius
316 1118 542 1203 observetur,
556 1139 673 1190 manu
685 1113 830 1213 propria
843 1113 962 1189 subter
974 1137 1059 1190 eam
1073 1116 1323 1203 firmavimus,
1336 1115 1375 1191 dt
1388 1113 1492 1190 anuli

115 1240 119 1246 ’
223 1219 332 1296 nostri
346 1217 569 1317 impreffione
595 1215 760 1312 affignari
783 1212 958 1310 juffimus.
1010 1219 1169 1315 Signum
1201 1218 1366 1295 Cunradi
1402 1215 1494 1313 sere·

223 1319 352 1397 nissimi
367 1320 473 1415 regis.
524 1317 775 1398 Wodelfridus
789 1318 1031 1397 cancellarius
1046 1321 1096 1396 ad
1109 1322 1229 1399 vicem
1243 1319 1418 1416 Pilegrini
1434 1339 1493 1394 ar·

223 1422 466 1522 chicapellani
498 1419 705 1517 recognovi.
763 1418 864 1494 Data
898 1419 932 1494 X
962 1421 1139 1499 kalendas
1185 1420 1414 1522 Septembris
1454 1419 1495 1497 in
1522 1428 1578 1498 ΩΦ
1594 1411 1681 1500 Αὓε·

220 1519 617 1620 ,ωοηῑοΑΰίνὶηιεῦιινς,
631 1544 730 1598 anno
743 1519 957 1596 Dominicae
971 1523 1229 1600 incarnationis
1243 1521 1491 1610 DCCCCXII,
1544 1519 1641 1628 ‘⁹¹ss

222 1625 416 1702 indiitione
429 1623 519 1711 XII,
535 1641 630 1700 anno
646 1624 662 1698 I
679 1622 784 1717 regni
804 1621 965 1700 Cunradi
980 1624 1215 1720 gloriohffirni
1228 1625 1336 1723 regis.
1348 1623 1489 1706 anum

224 1725 273 1804 ad
303 1723 499 1805 Tribvrr'am
514 1726 651 1827 palatio
666 1724 768 1824 regio
781 1721 934 1800 feliciter
959 1748 1082 1804 amen

612 1985 616 2001 .
752 1871 1025 2018 cxiurvu.

309 2029 566 2165 Confirmatio
595 2053 857 2145 immunitatis
883 2053 1109 2170 monasterii
1133 2050 1408 2149 &Michaelin

220 2233 273 2362 In
295 2220 443 2296 nornine
472 2219 612 2297 sanctae
635 2221 676 2299 dt
714 2219 927 2299 individuae
951 2222 1142 2298 Trinitatis
1172 2221 1411 2297 Hmunrcus
1434 2219 1495 2296 di·

111 2391 120 2398 .
273 2322 359 2398 vina
375 2321 525 2396 favente
549 2322 745 2398 clementia
758 2322 1015 2400 Romanorum
1029 2323 1228 2423 imperator
1239 2321 1424 2418 augustus.
1450 2321 1493 2398 Si

222 2422 446 2500 venerabilia
478 2422 710 2498 ecclesiarum
737 2422 807 2498 Dei
830 2425 913 2500 loca
941 2422 1098 2519 alicujus
1122 2424 1309 2498 commodi
1330 2424 1492 2498 utilitate

222 2525 269 2600 ad
291 2525 441 2600 laudem
467 2522 535 2598 Dei
562 2521 745 2610 stabilire,
776 2525 995 2602 confirmare
1014 2548 1058 2600 ac
1085 2523 1281 2601 sublimare
1315 2523 1502 2598 studueri-'

221 2647 330 2714 mus,
356 2625 462 2701 nobis
479 2623 517 2700 id
530 2626 577 2700 ad
603 2627 750 2703 animae
772 2628 1006 2717 remedium,
1032 2627 1207 2724 regnique
1224 2623 1334 2700 nostri
1355 2623 1492 2702 statum

220 2727 454 2825 profuturum
468 2725 536 2800 effe
552 2727 704 2804 minime
731 2729 955 2806 dubitamus.
1010 2729 1241 2827 Quapropter
1253 2727 1397 2803 noverit
1409 2742 1501 2802 om·'

220 2828 325 2901 nium
350 2824 483 2901 Christi
496 2825 661 2902 fidelium
677 2827 953 2927 nostrorumque
970 2829 1209 2916 universitas,
1234 2830 1393 2927 qualiter
1416 2827 1492 2906 Re·

223 2923 437 3022 ginbaldus,
462 2923 825 3003 Laureshammenfis
845 2928 1018 3004 ecclefiae
1031 2929 1252 3006 venerabilis
1267 2930 1401 3016 abbas,
1426 2953 1492 3005 no-

221 3025 333 3101 stram
348 3022 475 3098 adiens
489 3019 737 3109 serenitatem,
764 3027 865 3102 omni
876 3021 904 3102 ¹a
917 3028 1024 3104 nobis
1038 3029 1154 3104 studio
1169 3025 1383 3127 postulavit,
1399 3053 1491 3127 qua·

222 3127 323 3204 tinus
349 3123 412 3202 sub
451 3121 590 3198 nostrae
616 3121 901 3202 confirmationis
922 3142 1035 3226 atque
1066 3131 1311 3208 immunitatis
1338 3131 1492 3208 auctori·

168 3244 173 3254 ‘
221 3241 300 3305 tate
317 3227 442 3302 liceret
459 3224 523 3302 fibi
547 3222 611 3299 sub
625 3221 734 3298 santii
759 3227 951 3306 Michaelis
970 3231 1183 3328 archangeli
1198 3230 1236 3308 dt
1251 3233 1419 3309 omnium
1433 3233 1491 3308 su·
1578 3287 1583 3298 -

221 3351 416 3430 pomorum
433 3326 572 3402 civium
586 3324 724 3399 honore
750 3329 1008 3407 monasterium
1023 3335 1192 3409 ordinare
1204 3333 1243 3407 in
1262 3329 1493 3430 mentesanae·
1551 3351 1559 3370 ⁸

105 3465 108 3470 ’
222 3429 389 3506 Arrana
404 3427 640 3527 praetitulato
654 3428 914 3516 nomine,.fito
927 3432 966 3506 in
977 3456 1073 3529 pago
1098 3431 1356 3527 bidrngowr,
1381 3436 1420 3507 in
1439 3456 1491 3506 co-

89 3611 100 3623 l
222 3536 351 3607 miratu
364 3552 453 3608 vero
479 3529 684 3604 Hn1nn1c1
712 3549 893 3606 comus.
945 3533 1109 3627 Rogavit
1122 3531 1238 3608 etiam
1260 3557 1346 3619 nos,
1372 3533 1494 3608 eidem
1539 3545 1557 3604 ·.

223 3630 441 3708 monasterio
456 3628 672 3705 confirmare
687 3627 735 3704 ad
748 3629 855 3706 ulum
868 3630 1038 3721 statuam,
1045 3636 1126 3709 Deo
1132 3630 1271 3706 ibidem
1280 3633 1343 3706 sub
1361 3633 1494 3728 regula

223 3730 333 3806 santii
358 3731 546 3808 Beneditti
575 3729 825 3820 servientium,
839 3735 922 3808 loca
947 3755 1036 3808 curn
1055 3731 1285 3834 pertinentiis
1309 3732 1406 3822 suis,
1432 3731 1494 3807 his

223 3831 433 3910 nominibus
450 3831 665 3930 designata:
690 3833 829 3923 lbrde,
854 3830 1038 3934 Errffam,
1068 3831 1320 3927 Wrzzenloch3
1347 3833 1386 3910 ln
1411 3833 1493 3916 Wi-

223 3931 360 4030 belr'ngn
372 3956 429 4030 3333
455 3935 617 4022 mansos,
645 3935 894 4030 Scrizrsher'm3
921 3938 960 4012 in
984 3935 1235 4037 Paphrnbovrn
1248 3959 1362 4012 unam
1376 3938 1494 4013 eccle·

223 4031 315 4116 ham
342 4061 427 4118 cunr
435 4035 494 4139 3333
521 4036 657 4122 mansis
668 4091 682 4132 ,
706 4039 747 4120 iu
770 4037 967 4241 Prssgalrrsim
992 4036 1056 4142 vjjj
1080 4037 1232 4128 mansos
1244 4039 1323 4186 gin
1346 4038 1499 4222 men·
