4000 5417
554 427 610 483 rrt
639 424 766 481 enno
791 405 1174 481 Lonorius-nusi.
1432 434 1507 509 421

945 567 1508 597 ‘W

229 714 411 793 <lelandus
427 712 523 789 abba
538 708 683 811 praeesse
696 709 847 785 videtur
861 762 873 797 ,
900 710 1008 785 trado
1024 722 1138 805 atque
1162 706 1409 804 transiirndoj
1429 709 1510 806 Jur-

229 819 303 895 nal.
319 817 365 891 de
380 829 474 891 terra
492 814 531 889 in
548 835 646 927 pugo
671 808 917 909 Lobodoninse,
932 810 971 885 in
995 809 1198 885 Hitleniucsr
1212 833 1235 884 a
1249 810 1308 886 die
1333 811 1509 909 praesente

228 922 275 995 de
292 916 376 1015 jure
393 940 477 991 meo
492 914 531 990 in
542 914 650 1011 jus&
669 912 960 989 dominationem
973 912 1086 987 saneti
1100 911 1250 989 Nazarii
1260 913 1320 988 vel
1334 912 1384 987 ad
1397 936 1509 1009 agen·

229 1034 286 1097 tes
301 1018 437 1117 ipsius,
463 1018 518 1093 ita
534 1030 576 1092 ut
599 1018 646 1092 ab
660 1013 730 1090 hac
756 1014 816 1088 die
831 1014 933 1089 omni
947 1028 1112 1115 tempore
1137 1014 1274 1089 ibidem
1287 1013 1455 1113 proficiat
1470 1016 1511 1090 in

229 1121 441 1218 augmentis
455 1114 689 1217 stipulatione
702 1115 871 1193 subnixa.
923 1112 1060 1191 Aoum
1074 1114 1114 1191 in
1126 1115 1346 1191 monasterio
1358 1116 1511 1191 Lauru-
1582 1166 1589 1175 ,

70 1264 74 1271 ·
227 1226 307 1298 hum
322 1222 465 1322 publice
490 1221 671 1296 kalendas
697 1216 867 1313 Augusti.
920 1216 1080 1314 Signum
1096 1218 1307 1306 Nortwini,
1334 1218 1512 1314 quihanc
1541 1221 1675 1309 nnug.

120 1312 128 1327 ⁸
227 1325 465 1401 donationem
480 1322 558 1396 fieri
583 1319 777 1398 &firmari
799 1318 971 1414 rogavit,
998 1319 1142 1416 signum
1168 1320 1368 1407 Bertdadi,
1394 1320 1510 1395 Hart-

227 1427 339 1515 berti,
368 1423 601 1600 Erkasnsridi‚
627 1420 822 1521 Sigefridi,
847 1420 1049 1512 Hucberti,
1074 1422 1295 1502 Bernhardi.
1331 1421 1414 1519 Ego
1438 1419 1509 1501 Sa·
1599 1467 1601 1470 ·

229 1531 337 1604 muel
365 1526 457 1626 scrip
472 1548 497 1603 ι.

594 1687 601 1701 ’
680 1721 1055 1825 ,commotu
1142 1818 1156 1833 ,

225 1852 404 1947 Douurio
427 1852 634 1965 Afftrudis
650 1851 691 1942 iu
717 1848 946 1943 Hillenbaclr
954 1846 1080 1965 fusio
1106 1878 1208 1940 uano
1230 1854 1265 1944 I
1277 1854 1426 1945 domim·
1438 1886 1507 1945 „0-

198 1975 201 1983 '
274 2084 278 2091 .
338 1965 420 2077 stri
441 1966 589 2057 Kurolr‘
608 1966 770 2081 glorioſs
784 1964 916 2079 ragis,
946 1964 1201 2055 Gundelando
1229 1969 1381 2055 abbate.

225 2143 327 2272 Ego
342 2130 531 2208 Alstrudis
547 2134 644 2208 dono
660 2154 725 2233 pro
740 2130 903 2207 remedio
916 2116 1052 2220 animae
1064 2152 1162 2206 meae
1178 2133 1227 2206 ad
1246 2132 1407 2209 santium
1432 2133 1504 2211 Dei
1615 2226 1619 2236 ,

306 2248 508 2328 martyrem
536 2234 766 2321 Nazarium,
794 2233 855 2330 qni
869 2229 1061 2328 requiescit
1080 2233 1119 2306 in
1132 2256 1228 2331 pago
1254 2234 1399 2310 Rinensr
1423 2257 1504 2310 cor·

224 2334 424 2433 poraiiter,
451 2334 490 2407 in
524 2334 769 2421 monasterio,
803 2335 902 2428 quod
925 2346 1079 2410 vocatur
1104 2334 1364 2424 Lauresham,
1398 2336 1503 2437 super

223 2434 380 2513 fluvium
406 2432 560 2513 Wisicoz
576 2434 641 2510 srto
660 2488 670 2522 ,
698 2436 759 2511 vel
777 2435 824 2508 ad
839 2434 923 2511 illos
938 2434 1062 2509 servos
1087 2435 1177 2522 Dei,
1200 2437 1267 2531 qui
1282 2436 1417 2512 ibidem
1432 2440 1502 2513 ser·

224 2536 304 2612 vire
321 2536 510 2623 videntur,
537 2538 599 2612 ubi
616 2536 673 2612 vir
686 2534 906 2611 venerabilis
931 2534 1202 2611 Gundelandus
1222 2537 1338 2617 abbas
1359 2537 1504 2637 praeesse

224 2635 446 2725 dinoscitur,
472 2638 723 2735 donatumque
747 2637 785 2713 in
810 2651 1029 2737 perpetuum
1050 2636 1120 2712 effe
1141 2641 1227 2714 volo
1242 2636 1281 2715 tc
1305 2640 1504 2739 promptis·

224 2736 316 2812 sima
337 2740 529 2813 voluntate
561 2740 764 2827 confirmo,
790 2739 860 2814 hoc
894 2737 969 2826 est,
995 2740 1034 2814 in
1064 2763 1162 2840 pago
1188 2741 1439 2817 Lobodonensr
1464 2743 1503 2818 in

227 2834 425 2906 Hissendach
439 2838 642 2930 portionem
659 2862 784 2912 meam
800 2840 845 2913 de
863 2839 997 2934 vineaj
1016 2864 1038 2915 a
1053 2843 1113 2917 die
1129 2842 1305 2940 praesente
1322 2856 1444 2917 totum
1462 2842 1503 2919 dt
1569 2840 1574 2855 '

226 2932 278 3009 ad
295 2933 478 3027 integrum
503 2936 609 3007 trado
624 2952 737 3031 atque
759 2940 1001 3026 transfundo,
1025 2941 1079 3014 ita
1092 2955 1137 3015 ut
1154 2941 1200 3016 ab
1226 2942 1297 3017 hac
1310 2944 1370 3017 die
1384 2944 1433 3019 ad
1446 2944 1502 3042 ip·

230 3034 313 3110 sum
335 3035 459 3109 locum
484 3033 643 3111 sensium
658 3037 719 3111 vel
738 3036 786 3111 ad
812 3050 962 3133 agentes
983 3038 1095 3139 ipsius
1107 3042 1209 3117 omni
1233 3058 1398 3143 tempore
1417 3067 1502 3144 pro-
1560 3089 1566 3099 ·

225 3134 326 3212 ficiat
340 3136 377 3211 in
395 3134 605 3235 augmentis
618 3135 848 3235 stipulatione
862 3139 1029 3217 subnixa.
1064 3141 1203 3219 Assum
1218 3143 1257 3218 in
1273 3146 1501 3236 lauresham,

201 3238 407 3316 ·kalendas
436 3236 615 3315 Novemb.
650 3238 807 3336 Signum
828 3239 1068 3332 Alftdrndis,
1092 3266 1179 3341 quae
1205 3244 1319 3342 hujus
1334 3248 1503 3323 donatio-
1534 3252 1665 3331 nuuc

227 3341 287 3415 nis
300 3339 484 3425 camelam
499 3338 576 3413 sieri
591 3337 629 3414 &
654 3337 792 3417 firmari
815 3343 992 3439 rogavit,
1017 3346 1161 3442 signum
1184 3348 1415 3434 Luithelmi,
1440 3346 1500 3421 Si·

226 3440 375 3535 gefridi,
400 3438 626 3529 theodonis,
651 3438 844 3533 Artbaldi,
859 3444 1059 3537 ,Ratfridm
1081 3448 1331 3537 Etnranffldi,
1355 3448 1503 3523 Erkan·

227 3540 325 3615 iridi.
377 3542 458 3640 Ego
472 3541 702 3621 Hatilandus
715 3542 847 3644 scripsi.
1498 3594 1501 3599 -
1536 3642 1541 3651 Ι

650 4107 653 4115 .
699 4030 866 4135 Gggg
1142 4028 1443 4119 CCCLXXXVL
