4000 5417
546 460 608 520 nn
634 462 761 520 otoo
784 440 1164 523 Loeonuuunsr.
1416 466 1489 549 381

215 663 575 693 μ*

212 778 364 938 titt
379 748 1372 951 llllitttt‘tlitttltlttillinitis
1380 754 1487 935 til:

211 960 393 1039 delandus
419 954 532 1031 abbas
557 950 704 1050 praeelle
729 952 901 1041 videtur,
927 952 1182 1051 donatumque
1202 954 1243 1030 iu
1265 970 1485 1055 perpetuum
1611 966 1618 977 ’

212 1062 282 1141 elle
296 1062 400 1147 volo,
426 1051 750 1154 &promptissima
773 1054 965 1130 voluntate
988 1054 1192 1143 confirmo,
1216 1054 1289 1131 hoc
1303 1057 1378 1146 est,
1404 1080 1484 1137 rem

212 1186 343 1261 meam
354 1161 393 1237 iu
407 1180 502 1257 pago
528 1155 718 1231 Lobodon.
737 1154 776 1229 in
800 1152 1098 1252 Hontscoiesieim
1112 1156 1294 1257 quidquid
1313 1158 1406 1234 nini
1421 1162 1484 1238 de·

212 1258 361 1363 ¹reliquit
385 1258 543 1359 genitrix
558 1278 671 1344 mea,
699 1255 758 1331 vel
774 1255 953 1351 quidquid
967 1258 1066 1334 visus
1079 1258 1135 1334 fui
1149 1259 1283 1336 habere
1297 1260 1337 1337 in
1350 1263 1483 1340 eadem

212 1360 304 1447 uilla
318 1366 357 1443 dc
373 1360 526 1439 marcha
542 1412 553 1449 ‚
579 1359 632 1435 ita
646 1370 689 1432 ut
704 1355 752 1431 ab
765 1354 836 1431 hac
862 1356 974 1434 die&
990 1361 1162 1461 deinceps
1176 1362 1331 1439 liberam
1345 1362 1484 1441 habea-

212 1470 262 1547 tis
283 1464 499 1569 potestatem
532 1460 666 1537 exinde
689 1458 813 1534 facere·
825 1509 836 1545 ‚
871 1458 1050 1559 quidquid
1083 1464 1285 1541 volueritis.
1335 1464 1377 1541 Si
1396 1467 1483 1564 quis
1563 1514 1578 1559 e

210 1594 328 1659 vero,
356 1566 456 1667 quod
469 1564 637 1640 futurum
653 1557 721 1636 else
738 1582 813 1634 nou
837 1560 965 1649 credo,
991 1576 1119 1641 contra
1133 1565 1232 1641 hanc
1245 1566 1483 1645 donationem
1558 1574 1563 1580 ’

195 1696 311 1751 xaime
326 1664 604 1746 fatiam-venire
619 1658 879 1761 temptaverit,
906 1678 1060 1758 cogente
1081 1666 1167 1741 fisco
1187 1669 1267 1744 auri
1289 1668 1484 1746 dimidiam

209 1774 374 1859 libram,
401 1767 545 1865 argenti
565 1764 710 1865 pondus
744 1784 862 1837 unum
885 1761 1081 1853 sustineat,
1106 1766 1205 1843 &stc
1229 1770 1335 1868 quod
1351 1772 1484 1869 repetit

212 1874 430 1952 evendicare
445 1894 519 1945 non
534 1868 677 1955 valeat,
705 1863 767 1939 sed
780 1864 935 1963 praeseus
949 1864 1016 1942 ista
1040 1866 1190 1944 donatio
1204 1868 1306 1943 omni
1320 1881 1485 1970 tempore

211 1975 321 2052 firma
336 1982 551 2073 permaneat
562 1968 721 2067 stipulat.
731 1966 897 2045 subnixa.
951 1966 1090 2044 Attum
1105 1969 1144 2045 in
1158 1970 1375 2046 monasterio
1388 1972 1487 2045 Lao-

212 2078 365 2163 reshmn,
391 2072 529 2151 Vidus
543 2070 643 2172 Julii.
697 2068 853 2164 Signum
875 2070 1088 2177 Guntheri,
1114 2072 1288 2169 quihanc
1320 2074 1490 2150 donatio·
1527 2082 1581 2134 11·
1594 2064 1665 2144 Jul-

172 2170 180 2181 ”
210 2200 299 2255 nem
311 2174 390 2252 fieri
405 2172 568 2269 rogavit,
584 2170 729 2267 fignum
746 2170 961 2261 Hartberti‚
974 2171 1103 2262 Pauli,
1116 2174 1351 2265 Harinami,
1364 2174 1490 2254 Hum-
1622 2184 1628 2193 “

208 2276 332 2369 berti,
357 2272 550 2357 Leutfridi.
603 2272 759 2349 Samuel
779 2269 925 2370 scripsit.

724 2470 998 2565 CCCXVIII.

234 2608 631 2728 Donatio'Ratfridi
652 2610 693 2700 io
711 2603 841 2697 eodem
866 2603 961 2691 uilla
989 2630 1093 2690 anno
1122 2600 1175 2696 V
1179 2602 1300 2718 regni
1315 2603 1466 2697 domim

551 2724 676 2837 nostri
702 2717 849 2815 Karoli
865 2715 1004 2830 magni
1021 2713 1145 2830 regis.

150 2966 158 2975 ,
207 2893 309 3025 Ego
334 2883 486 2959 Ratsrid
507 2910 624 2963 manu
649 2885 866 2985 potestativa
891 2907 956 2981 pro
979 2883 1104 2960 anima
1128 2884 1409 2982 Rutpertidono
1435 2885 1486 2965 ad
1509 2957 1513 2964 .

287 2984 449 3061 santium
483 2984 713 3071 Nomium,
739 2982 803 3083 qui
825 2984 1015 3079 requiescit
1039 2984 1240 3083 corporein
1265 2986 1484 3064 monasterio

208 3086 471 3173 Lauresham,
497 3084 563 3161 fito
582 3085 686 3185 super
700 3085 854 3164 lluvium
875 3084 1030 3165 Wilscoz
1043 3086 1082 3161 in
1097 3109 1193 3185 pago
1217 3086 1390 3178 Rinenfi‚
1415 3090 1483 3167 ubi
1620 3114 1628 3125 ·

207 3193 268 3271 vir
282 3186 503 3273 venerabilis
528 3188 794 3266 Gundelandus
820 3187 936 3265 abbas
951 3187 1097 3288 praeelle
1111 3189 1260 3265 videtur
1284 3190 1481 3269 donatum-

208 3292 335 3393 quein
359 3304 579 3391 perpetuum
593 3286 662 3364 effe
678 3292 763 3366 volo
788 3314 904 3367 unum
915 3287 1051 3387 jurnal.
1076 3290 1123 3368 de
1141 3303 1237 3367 terra
1253 3291 1417 3367 aratoria
1440 3291 1481 3367 in

206 3391 528 3492 Huniscuhessreim,
554 3391 593 3467 in
609 3414 705 3490 pago
721 3390 982 3479 Lobodoninfi‚
999 3416 1023 3467 a
1039 3392 1099 3468 die
1115 3392 1287 3490 praesente
1302 3393 1408 3468 trado
1423 3405 1481 3467 at·
1515 3434 1520 3440 ·

208 3516 282 3591 que
300 3494 518 3570 transfundo
538 3492 802 3593 perpetualiter
816 3493 1090 3593 possidendum,
1115 3494 1188 3579 ita,
1214 3506 1258 3568 ut
1270 3493 1372 3567 omni
1387 3508 1482 3566 tem·

207 3618 297 3695 pore
332 3595 380 3668 ad
412 3595 522 3693 ipsius
548 3596 621 3671 loci
646 3594 812 3695 proficiat
845 3608 1089 3689 augmentum
1129 3592 1287 3688 stipulat.
1315 3589 1481 3667 subnixa.

209 3694 348 3772 Atium
368 3693 407 3769 in
422 3696 638 3773 monasterio
663 3698 878 3772 Lauronem
895 3694 950 3769 lll
963 3692 1048 3767 idus
1059 3691 1172 3793 Juniiss
1219 3692 1376 3787 Signum
1391 3694 1483 3771 Rat·
1513 3706 1565 3760 11·
1582 3689 1660 3769 Jun.

125 3846 128 3853 ·
209 3796 315 3885 fridi,
343 3795 406 3893 qui
420 3795 518 3872 hanc
533 3799 770 3875 donationem
787 3794 866 3871 fieri
888 3794 1061 3889 rogavit,
1087 3790 1231 3886 signum
1257 3793 1482 3886 Erkanfridi,

205 3895 442 3996 wolfgrimi,
469 3898 691 3988 Guntbaldi,
716 3897 902 3994 Waningi.
927 3897 1012 3995 Ego
1032 3895 1187 3974 Samuel
1200 3908 1352 3992 rogatus
1366 3896 1482 3999 scripsi

69 4024 107 4060 ··
204 3996 823 4103 haucdonarionem&sobfcrips1.

720 4184 731 4207 .
805 4120 970 4221 Bbba
1227 4116 1426 4200 CCCXIX.
