4000 5417
536 472 615 548 ·170
914 437 1100 518 canor.
1130 459 1192 514 nr
1217 435 1438 518 Cnnrrm

540 609 716 633 μ

541 773 638 832 cum
655 742 838 858 reliquiis
853 739 1048 832 valorum
1068 742 1220 828 domus
1248 742 1332 831 Dei
1360 769 1435 857 per
1461 739 1745 828 Nabuzardan
1768 747 1813 830 in

543 855 788 948 Babilonem
807 855 995 960 abduslau
1046 853 1208 963 Verum
1225 850 1403 966 qualiter
1421 855 1562 941 divina
1589 851 1749 939 ultione
1765 860 1812 943 in

543 970 757 1059 autlorem
773 992 902 1056 tantae
916 963 1253 1084 praesumptionis
1265 963 1600 1077 animadversum
1613 967 1674 1068 fit,
1683 991 1810 1082 prout

543 1085 808 1192 amajoribus
833 1083 979 1168 nostris
1008 1083 1273 1195 accepimus,
1310 1108 1395 1165 non
1424 1081 1477 1165 ab
1510 1108 1556 1164 re
1585 1075 1720 1167 visum
1748 1083 1809 1168 est

399 1211 400 1220 ‘
482 1248 490 1258 ,
542 1196 609 1292 hio
627 1191 832 1296 inserere,
860 1218 908 1282 ut
932 1189 1089 1280 discant
1113 1190 1372 1278 ecclesiarum
1398 1189 1593 1306 praelati,
1623 1221 1806 1306 quorum

542 1307 737 1424 exempla
752 1311 989 1409 imitantur,
1014 1335 1164 1391 eorum
1180 1309 1345 1392 exitum
1360 1300 1662 1421 pertimescere.
1691 1305 1805 1396 Nam

541 1424 733 1538 protinus
761 1428 867 1508 inter
893 1421 1017 1535 ipsius
1043 1446 1241 1535 purpurae
1262 1417 1450 1504 incendia
1475 1421 1584 1532 cepit
1599 1421 1805 1504 acerrimo

541 1531 735 1622 vitalium
752 1562 800 1618 ac
819 1536 951 1620 totius
967 1534 1153 1645 corporis
1173 1528 1337 1633 dolore,
1356 1530 1539 1728 aestngue
1556 1526 1802 1635 discrutiari,

542 1645 745 1759 notbeque
761 1640 944 1732 insecuta
971 1640 1232 1729 cubiculariis
1248 1673 1332 1730 non
1355 1666 1444 1729 tam
1485 1639 1644 1745 bmn0,
1673 1670 1802 1755 quam

541 1759 685 1846 divino
701 1781 806 1843 nutu
821 1756 1125 1872 profundissime
1143 1752 1387 1869 consopitis,
1406 1756 1648 1870 gravissimis
1667 1759 1804 1842 morbi

542 1869 586 1957 ὃ(
602 1869 688 1956 fitis
710 1871 927 1955 ardoribus
949 1870 1182 1955 exaestuans
1198 1895 1333 1980 usque
1350 1870 1403 1954 ad
1420 1891 1603 1954 mortem
1631 1869 1804 1982 angusti·

542 1987 616 2067 ari.
673 1981 782 2070 Cum
798 1986 925 2066 etiam
953 1979 1088 2068 subita
1113 1980 1203 2066 luce
1231 1978 1470 2067 coruscante
1484 1978 1674 2067 cubiculo
1701 1978 1803 2097 aspi-

539 2099 597 2181 cit
625 2089 841 2208 personam
866 2093 1081 2181 reverendi
1099 2094 1325 2196 admodum
1349 2091 1511 2198 vultUS,
1534 2091 1655 2180 vultu
1686 2091 1803 2178 flam·

538 2235 666 2307 meo,
696 2204 828 2291 oculis
845 2206 1099 2307 ardentibus
1119 2227 1339 2320 corrugata
1386 2205 1530 2293 aulum
1545 2203 1703 2307 fronte,
1721 2204 1802 2292 cla·

539 2316 651 2401 mide
667 2345 876 2433 purpurea
892 2347 995 2406 auro
1012 2315 1320 2422 intermicante,
1349 2234 1418 2406 sdd
1435 2316 1656 2434 plurimum
1674 2315 1797 2420 scilla,

538 2457 693 2514 corona
707 2433 885 2552 gemmis
901 2428 1151 2517 stellantibus
1177 2434 1406 2546 infignem,
1434 2434 1563 2518 barba
1586 2457 1712 2517 aurea
1726 2426 1799 2515 sed

435 2609 439 2619 .
537 2537 725 2632 semiusta
743 2563 932 2655 pateram
948 2546 1049 2629 vino
1066 2540 1230 2658 plenam
1245 2573 1372 2630 manu
1419 2544 1712 2641 raeferentem;
1741 2546 1799 2627 in·

536 2674 776 2768 terrogatus
798 2682 849 2738 an
886 2655 949 2741 siti
968 2655 1224 2754 afficeretur,
1253 2661 1368 2771 grav'
1401 2685 1513 2760 nne,
1542 2660 1614 2744 ait.
1669 2655 1798 2764 Quae·

536 2767 657 2868 fitus,
687 2795 739 2850 an
756 2762 798 2851 se
822 2764 1131 2880 recognosceret
1145 2769 1170 2855 ¹?
1199 2793 1317 2856 metu
1343 2766 1601 2857 conscientiae
1628 2765 1796 2879 dejectis

536 2879 581 2963 in
599 2901 755 2964 terram
781 2876 912 2966 oculis
937 2884 1161 2967 obmutuit.
1217 2883 1312 2997 Ego
1337 2879 1448 2985 sum,
1477 2885 1519 2966 in
1548 2885 1633 2985 uit,
1660 2880 1796 2970 Naza-

403 2981 412 3080 Ϊ
539 2993 627 3076 rius
646 2991 768 3101 hujus
785 2992 957 3095 domm,
986 2991 1109 3104 hujus
1124 2992 1293 3081 saniiliae
1310 2993 1504 3080 doininus
1579 3016 1797 3107 patronus,

540 3129 669 3214 quam
686 3107 822 3217 pretio
849 3101 1055 3218 sanguinis
1083 3103 1144 3191 sui
1164 3107 1424 3220 redemptam
1450 3104 1633 3193 Christus
1654 3100 1793 3209 Jesus,

540 3217 583 3298 in
599 3219 780 3330 pretium
797 3212 1003 3330 sanguinis
1020 3246 1096 3331 pro
1123 3221 1137 3301 i
1166 3214 1210 3302 so
1227 3217 1321 3322 sufi,
1348 3217 1449 3306 mihi
1467 3215 1657 3317 contulit,
1683 3215 1794 3302 resti·

434 3407 438 3418 .
538 3347 662 3413 tuens
691 3326 735 3414 δι
748 3327 814 3412 hic
839 3327 1108 3444 centuplum,
1136 3246 1241 3418 ltin
1266 3330 1385 3419 coelis
1421 3333 1553 3418 vitam
1575 3327 1793 3416 aeternam.

537 3440 660 3526 Hanc
674 3438 877 3543 domum,
906 3439 1012 3526 hanc
1039 3439 1237 3528 familiam
1266 3449 1350 3529 mei
1369 3447 1504 3556 juris,
1532 3469 1636 3529 meae
1682 3443 1794 3526 rovi-

537 3550 691 3638 dentiae
709 3552 890 3640 deterior
908 3553 1224 3642 crucifixoribus
1252 3556 1399 3646 Christi
1416 3556 1607 3658 invafisti,
1651 3546 1795 3654 cidisti,

538 3663 727 3768 divisisti,
757 3665 958 3752 militibus
985 3670 1070 3775 tuis
1095 3673 1279 3754 tunicam
1306 3666 1592 3757 inconsutilem
1624 3660 1796 3779 desuper

537 3793 782 3864 contextam
800 3776 908 3866 sorte
935 3779 1184 3883 distribuisti,
1213 3781 1267 3867 ad
1280 3807 1521 3869 extremum
1541 3775 1721 3896 inipsam
1736 3775 1795 3862 fa-

537 3891 644 3976 ciem
672 3891 716 3978 dr
733 3921 782 3977 os
806 3919 948 3976 meum
976 3896 1126 4007 impias
1145 3893 1257 3980 faces
1285 3898 1328 3982 in
1356 3925 1505 3996 erens,
1535 3891 1630 3978 huic
1655 3891 1796 3978 barbae

534 4020 681 4120 turpes
697 4025 820 4093 notas
838 4001 1030 4114 inulblbs
1058 4030 1312 4126 quapropter
1383 4010 1447 4097 bis
1473 4034 1624 4121 poenas
1648 4005 1798 4115 dignas

1653 4144 1740 4205 me-
