4000 5417
490 398 599 479 Sat.
627 400 698 479 IX.
724 399 981 481 Lunovrco
1006 427 1088 481 nro
1113 428 1219 486 rur.
1435 428 1484 507 st

214 728 284 802 gns
300 707 416 796 abba,
442 705 597 803 ejusque
613 704 822 783 successores
842 708 904 784 vel
919 707 1159 805 congregatio
1173 704 1282 807 ipsius
1308 708 1486 785 monaste-
1595 762 1603 773 -

214 810 261 883 rii
275 810 314 883 in
330 808 452 884 nostra
464 806 658 885 elemofina
682 808 882 885 concessam
908 810 1100 899 habeant,
1125 824 1237 907 atque
1260 810 1487 911 perpetuosa
1627 886 1633 895 ,

214 911 357 987 ditione
381 910 491 1010 ipsus
525 909 684 989 ecclesiae
705 908 896 1001 consrstat,
926 914 978 991 ita
1004 915 1216 1000 duntaxat,
1240 924 1285 987 ut
1308 912 1484 1011 quicquid

213 1013 263 1088 de
282 1012 356 1111 ipsa
369 1016 416 1089 ob
431 1013 629 1089 utilitatem
654 1012 692 1089 dt
707 1012 908 1112 profestum
923 1014 977 1091 sui
997 1013 1119 1091 facere
1131 1015 1341 1103 voluerint,
1368 1014 1482 1091 libero

213 1115 255 1189 in
268 1115 440 1190 omnibus
452 1114 689 1213 perfruantur
702 1114 853 1190 arbitrio
867 1114 1034 1193 faciendi.
1062 1118 1115 1193 Et
1126 1130 1169 1193 ut
1183 1116 1266 1193 haec
1287 1116 1483 1197 austontat

213 1214 354 1291 firmior
378 1216 587 1305 habeatur,
613 1213 653 1292 dt
666 1238 731 1314 per
752 1215 878 1293 sutura
898 1230 1065 1319 tempora
1085 1220 1219 1295 melius
1231 1218 1482 1307 conservetur,

214 1328 330 1393 manu
351 1320 496 1417 propria
522 1317 901 1407 subtersnmavimus,
931 1320 970 1397 dt
997 1321 1098 1396 anuli
1120 1320 1230 1396 nostri
1256 1317 1483 1421 impressione

212 1418 345 1516 fignari
365 1417 545 1515 jusnmus.
596 1418 739 1497 Christe
764 1434 914 1519 protege
940 1422 1185 1499 Ludowicum
1208 1422 1481 1521 imperatorem.

212 1522 364 1612 Simeon
378 1521 556 1598 baconus
573 1521 621 1597 ad
636 1520 760 1599 vicem
773 1522 803 1599 F
803 1519 940 1619 ridigisr
953 1524 1095 1599 abbatis
1107 1524 1314 1620 recognovi.
1330 1527 1429 1601 Data
1444 1523 1484 1599 Χ

212 1624 402 1699 Kalendas
428 1623 543 1724 Julias
565 1675 585 1711 ,.
602 1646 700 1699 anno
719 1622 757 1698 X
782 1624 927 1723 imperii
946 1624 1087 1701 domini
1110 1626 1326 1703 Hluoowici
1339 1624 1483 1727 piiffimi
1535 1630 1674 1707 salue.-

209 1722 386 1822 Augusti,
400 1724 591 1823 inditiione
607 1726 740 1823 prima.
768 1722 906 1803 Anum
920 1727 1195 1824 l'ranclrouofurt
1209 1728 1345 1826 palatio
1358 1730 1399 1807 in
1411 1728 1482 1804 bei
1555 1724 1631 1803 8²3·

208 1828 365 1904 nomine
390 1824 548 1902 feliciter
560 1848 683 1902 amen·
914 1836 919 1847 '

206 2032 445 2204 Mortuo
468 2026 699 2145 Ludowico
726 2030 982 2145 imperatore
1005 2021 1079 2143 pio
1092 2035 1114 2083 ·
1128 2024 1201 2115 srlii
1217 2029 1309 2139 ejus
1333 2028 1697 2135 Luna-*Interpon-

346 2166 514 2241 wicun,
542 2141 827 2229 Locnnnrus
848 2140 893 2229 dr
923 2140 1149 2231 CAROLUS
1197 2144 1353 2228 raviter
1378 2140 1543 2227 intervit
1568 2136 1697 2211 Μ’*

205 2248 249 2339 se
268 2252 322 2336 de
341 2252 518 2365 irnperio
535 2252 769 2339 diffidentes
784 2253 876 2367 post
903 2255 1138 2339 maximam
1165 2167 1336 2339 luorum
1359 2251 1485 2340 adtri-
1529 2220 1653 2323 Μ’·

209 2366 373 2451 tionem
392 2364 615 2479 imperium
631 2368 765 2480 patris
782 2363 953 2451 tandem
981 2367 1092 2450 inter
1105 2360 1147 2449 se
1163 2363 1412 2469 diviserunt,
1437 2367 1484 2455 dt
1562 2442 1574 2463 ,

210 2473 392 2577 Carolo,
420 2480 492 2590 qui
516 2480 716 2563 minimus
739 2500 844 2565 natu
868 2500 988 2579 erat,
1019 2474 1291 2563 occidentalia
1307 2508 1353 2564 re
1381 2508 1436 2563 na
1451 2480 1484 2538 i*
1512 2514 1533 2557 a
1548 2510 1662 2580 oflffi

210 2590 266 2698 (a
283 2590 540 2677 Brittannico
557 2592 815 2703 mariusque
833 2590 888 2677 ad
904 2586 1069 2680 Mosam
1085 2587 1286 2679 cesserunt
1300 2621 1314 2690 3
1342 2508 1483 2681 sudo
1490 2600 1616 2703 frebep
1623 2616 1694 2703 ‘13¹2
1795 2698 1805 2709 ,

158 2766 163 2771 ,
210 2704 320 2793 wico
337 2698 551 2787 orientalia
567 2731 609 2821 re
638 2733 712 2805 na,
741 2704 785 2789 id
802 2704 891 2814 est)
921 2704 1148 2793 Germania
1257 2733 1311 2791 ue
1328 2704 1383 2789 ad
1400 2704 1620 2838 Reffims
1642 2706 1693 2835 Ἦ·

214 2839 319 2897 num
335 2832 461 2921 atque
470 2832 584 2894 trans
599 2731 767 2897 §enum
781 2810 990 2903 nonnullae
1008 2731 1479 2922 civitateffiothariua
1487 2790 1695 2947 3515}ss

214 2924 290 3036 qui
305 2923 520 3007 mairirnus
537 2942 638 3007 natu
654 2944 744 3007 erat
763 2982 775 3024 ,
803 2920 973 3013 sortitus
990 2929 1048 3015 est
1064 2956 1264 3043 regnum,
1291 2928 1404 3043 quod
1425 2932 1479 3017 ab

215 3065 267 3121 eo
284 3037 418 3122 traxit
433 3031 698 3135 vocabulum,
715 3034 759 3119 dr
775 3040 1052 3150 provinciam,
1080 3041 1125 3128 ἃ
1141 3070 1240 3132 cum
1253 3040 1373 3131 ltalia
1387 3064 1479 3131 tota

213 3148 455 3235 Romanum
463 3150 702 3261 imperium.
711 3144 793 3233 Hic
800 3148 1108 3265 Lotharius(a)
1117 3156 1360 3246 Ansrnmo
1378 3178 1486 3242 tuno

216 3258 398 3381 palatino
426 3260 605 3358 comiti,
634 3253 773 3346 illustri
798 3261 844 3349 dt
868 3260 1076 3379 spedabili
1092 3268 1213 3369 viro,
1242 3268 1297 3352 ob
1314 3270 1481 3382 egregia

215 3376 366 3460 merita
391 3370 600 3487 praedium
624 3367 744 3456 suum
771 3376 814 3457 in
842 3372 1058 3485 Geizrfurt
1082 3379 1173 3487 jure
1210 3382 1479 3494 proprietatis

215 3484 487 3590 contradidit,
516 3482 627 3597 quod
643 3482 781 3599 postea
797 3484 910 3570 idem
928 3486 1164 3589 Anssridus‚
1179 3510 1230 3572 ut
1242 3484 1314 3575 suo
1330 3494 1374 3575 in
1390 3488 1483 3575 loco

212 3600 400 3713 patebit,
427 3594 772 3684 Laureshamensr
788 3596 1037 3682 monasterio
1054 3593 1125 3683 sub
1143 3601 1289 3685 abbate
1317 3602 1483 3688 Dietro-

209 3708 296 3821 cho
305 3702 489 3797 contulit.
504 3706 617 3823 Quae
632 3711 749 3827 regia
763 3709 937 3797 donatio
945 3708 1145 3797 Anssrido
1154 3706 1302 3797 collata
1310 3710 1405 3799 talis
1413 3714 1479 3802 est.

879 3821 978 3917 Ga
1075 3835 1079 3841 ’
1260 3822 1427 3915 ΧΧΙΙΙ.

253 3973 427 4065 (onan.
442 3976 514 4042 Non
522 3980 689 4045 Lotharius
703 3978 777 4063 imp.
785 3974 838 4041 sed
850 3972 935 4042 filius
950 3976 1205 4060 ejue,lntb2rius
1218 3952 1480 4056 remaustorluit

298 4060 479 4134 martionis
497 4064 647 4135 Anefrido
659 4066 751 4135 sactae
757 4108 768 4145 ,
782 4074 821 4130 ut
834 4084 875 4131 ex
887 4062 960 4150 ipsis
972 4065 1150 4135 donationis
1159 4066 1260 4136 litorio
1272 4070 1388 4138 elucet.
