4000 5417
568 396 671 479 sne.
704 393 740 475 X
764 396 966 479 oriona
992 392 1030 473 11
1056 418 1159 477 rme.
1397 430 1466 505 1³ss
1613 509 1617 517 ¹

204 562 731 595 m

200 710 312 811 ipsam
327 706 518 787 abbatiam
540 728 589 780 ex
603 704 750 801 ‘integro
775 702 941 803 potestati
964 704 1142 782 abbatum
1156 703 1206 779 ad
1230 726 1467 786 communem

99 882 103 887 .
198 812 466 887 monachorum
480 807 680 885 utilitatem
707 808 785 883 Deo
795 806 850 882 'ibi
863 804 1131 897 famulantium
1156 806 1356 885 subdimus.
1382 810 1467 887 Sta·
1629 838 1632 843 ·

197 914 341 989 tuimus
356 912 471 988 etiam
495 908 721 1008 episcopum,
745 909 785 983 in
811 904 917 1005 cujus
941 908 1116 1009 parochia
1137 908 1247 985 situm
1262 909 1314 986 est
1339 934 1467 989 mona·

196 1012 374 1103 lienium,
399 1036 447 1087 ex
470 1012 637 1109 qualibet
668 1009 853 1109 occasione
878 1008 929 1085 ibi
955 1011 1156 1111 inumpere
1176 1012 1238 1089 seu
1262 1014 1467 1092 monachos
1551 1102 1558 1111 ,

195 1115 495 1193 irrationabiliter
510 1113 717 1209 inquietare
733 1136 808 1187 non
828 1112 981 1201 debere,'
1007 1136 1075 1189 nec
1089 1139 1137 1190 ex
1150 1114 1262 1191 rebus
1287 1116 1467 1193 monaste·

194 1219 241 1292 rii
257 1217 295 1292 in
310 1216 570 1315 omniimperii
584 1211 693 1291 nostri
718 1214 857 1289 ditione
870 1212 1030 1291 thelonei
1042 1216 1273 1292 exastionem
1288 1216 1379 1305 lieri,
1395 1242 1465 1295 nec

194 1317 587 1420 publicumjudicem‚
613 1316 674 1393 leu
688 1314 888 1413 quemlibet
901 1340 947 1392 ex
956 1314 1151 1412 judiciaria
1174 1318 1377 1419 potestate,
1402 1322 1466 1397 vel

196 1421 362 1517 aliquam
375 1422 489 1500 aliam
505 1418 698 1519 personam
713 1417 910 1516 quicquam
934 1418 1120 1519 potestatis
1132 1436 1199 1498 aut
1223 1422 1361 1520 negotii
1388 1420 1463 1501 fine

194 1524 389 1600 voluntate
405 1546 449 1599 ac
474 1518 646 1622 permissu
666 1520 810 1597 abbatis
832 1521 870 1597 in
895 1522 1067 1597 omnibus
1082 1522 1258 1622 saepedicti
1281 1525 1461 1616 monasteq

192 1624 240 1701 rii
253 1625 361 1701 rebus
383 1623 518 1701 habere
539 1624 601 1702 vel
626 1644 805 1699 exercere.
838 1622 1020 1721 Quicquid
1041 1645 1129 1699 vero
1149 1622 1212 1720 jus
1230 1624 1303 1701 fisci
1323 1628 1459 1703 exinde

192 1726 345 1822 exigere
359 1740 555 1826 potuerat,
580 1724 794 1840 exintegpo
819 1723 858 1797 in
878 1722 965 1797 ulus
987 1724 1195 1799 monasterii
1215 1727 1342 1801 cedere
1365 1750 1460 1827 prae·

190 1823 1172 2021 tltltaleilltlbbltlslllstsslb
1185 1826 1463 2025 risibilis:

190 2052 262 2107 nes
278 2041 407 2105 contra
420 2029 562 2105 abbatis
576 2030 765 2104 decretum
790 2027 946 2115 intrare,
972 2026 1033 2101 seu
1047 2028 1095 2101 ad
1108 2026 1234 2103 causas
1251 2029 1465 2118 audiendas,

187 2129 256 2207 seu
269 2130 473 2207 mansiones
486 2130 697 2217 faciendas,
724 2140 789 2205 aut
804 2129 910 2206 freda
926 2128 986 2205 vel
1012 2126 1150 2205 tributa
1168 2128 1378 2225 exigenda,
1403 2132 1465 2207 vel
1547 2150 1561 2163 ·

186 2233 310 2307 ullam
330 2232 369 2305 in
382 2232 505 2327 aliquo
531 2231 746 2307 violentiam
768 2229 1005 2317 faciendam,
1032 2231 1204 2307 omnibus
1219 2232 1371 2307 omnino
1393 2230 1463 2307 ho·

185 2333 352 2411 minibus
376 2333 551 2431 perhanc
573 2332 704 2409 nostrae
729 2329 978 2407 immunitatis
993 2330 1293 2429 conscriptionem
1315 2332 1462 2434 prorsus

184 2434 465 2523 interdicimus,
498 2448 609 2532 atque
634 2435 683 2509 ab
707 2430 923 2529 hujusmodi
950 2433 1011 2509 vel
1035 2431 1144 2508 simili
1163 2434 1334 2532 ‚praesum
1379 2436 1461 2513 'one

183 2539 335 2615 cunsios
349 2558 413 2636 per
426 2536 550 2611 omnia
566 2534 976 2634 temporainhibemus,
1002 2534 1177 2630 quatinus
1192 2536 1308 2613 abbas
1323 2448 1458 2615 gumo-

181 2638 299 2717 nachi
323 2638 446 2714 omnia
467 2638 556 2714 illuc
582 2637 789 2737 aspicientia
813 2636 878 2714 sub
895 2632 1017 2713 nostra
1041 2635 1214 2726 tuitione,
1240 2660 1315 2737 quo
1328 2639 1457 2717 ordine

179 2741 366 2839 quietiore
380 2736 593 2837 possederint
599 2791 617 2837 ,,
635 2762 680 2813 eo
700 2738 852 2815 liberius
867 2758 934 2838 pro
947 2736 1044 2814 statu
1066 2738 1237 2843 imperii,
1262 2738 1457 2838 nostraque

179 2843 310 2919 salute
335 2840 414 2912 Deo
427 2852 572 2911 vacent.
623 2838 675 2912 Et
685 2852 730 2913 ut
743 2839 815 2914 hoo
830 2838 1058 2915 austoritatr‘s
1076 2840 1197 2923 nostra
1246 2856 1460 2942 raeceptum

178 2944 342 3019 finnum
363 2935 402 3014 oc
426 2934 552 3011 stabile
573 2950 810 3034 permaneat,
836 2938 937 3014 anuli
952 2938 1061 3015 nostri
1087 2940 1206 3042 impre
1243 2967 1312 3020 one
1327 2942 1460 3040 signari

176 3044 370 3143 jussimus,
390 3037 429 3115 dt
444 3058 559 3115 manu
572 3036 718 3135 propria
733 3037 860 3115 subtus
874 3037 1118 3119 firmavimus.
1151 3042 1356 3141 willigisus
1370 3070 1458 3122 can·

180 3144 362 3222 cellarius
377 3138 553 3217 advicem
566 3138 736 3237 Rutperti
751 3140 1032 3241 archicapellani
1046 3146 1251 3241 recognovi.
1278 3148 1377 3223 Data
1386 3146 1458 3223 XV
1632 3208 1638 3213 .

178 3246 365 3325 kalendas
378 3241 487 3346 Julii,
503 3264 601 3317 anno
627 3240 829 3319 Dominicae
853 3242 1118 3320 incarnationis
1141 3245 1459 3334 DCCCCLXXV,
1498 3234 1549 3305 ¹7·
1562 3218 1638 3295 5⁰⁰·

179 3373 284 3427 anno
297 3367 387 3423 vero
401 3343 505 3440 regni
531 3340 678 3418 Ottonis
702 3341 803 3431 Xlll,
826 3342 971 3443 imperii
985 3342 1208 3444 autemejus
1220 3346 1270 3427 V.
1320 3346 1460 3427 Atium
1532 3322 1611 3391 ⁹⁷⁵⁶

182 3451 411 3533 Wormon'oc
426 3442 584 3523 feliciter
607 3448 729 3521 arnon.
812 3474 814 3481 ·
1097 3476 1105 3483 ·

173 3660 324 3829 Hoc
349 3656 373 3703 ⁵
404 3672 571 3781 quoque
607 3644 895 3779 imperatoriae
938 3643 1164 3779 majestatis
1199 3629 1665 3761 praeoeptumwedireb
1828 3603 1838 3617 ⁸

301 3758 550 3850 Benedriius
575 3788 682 3878 papa
712 3754 933 3877 apostolica
971 3756 1223 3849 audlontate
1246 3783 1456 3849 commen·

174 3880 296 3974 davit
327 3872 373 3967 δι
391 3876 616 3965 roboravit.

757 4020 856 4144 113
1188 4018 1392 4125 LXXX,
