4000 5417
499 403 606 480 Sec.
634 401 694 494 XI
715 399 960 480 Cuuauuo
986 403 1021 480 II
1047 423 1194 479 aner.
1351 403 1355 417 “
1403 431 1469 504 ¹71

941 567 1474 588 mm*

207 709 377 792 meritas
406 700 562 792 Christe
579 701 739 813 judice,
767 701 926 792 Christo
939 703 1131 804 vindice,
1160 729 1296 815 neque
1314 703 1470 788 bibesa

204 817 333 902 modo
353 815 406 901 de
428 813 509 900 hoc
537 817 721 929 germine
743 817 843 903 vitis
861 838 1072 918 terrenae,
1103 813 1172 900 led
1197 816 1374 929 accipies
1393 813 1476 900 hac'

203 930 271 1014 die
299 928 535 1028 horanona
570 923 739 1010 calicem
763 929 832 1013 irae
864 927 917 1012 de
936 957 1064 1014 manu
1088 929 1285 1029 Domini,
1314 927 1366 1011 de
1384 955 1469 1041 quo

204 1043 350 1127 bibent
385 1066 531 1122 omnes
557 1061 799 1152 peccatores
827 1063 964 1126 terrae.
1022 1041 1123 1151 Quo
1150 1038 1262 1127 diclo
1295 1038 1340 1126 ὃ(
1369 1043 1470 1127 vilio

176 1153 358 1254 linem,
389 1152 433 1236 ἃ
448 1177 563 1235 mors
584 1145 797 1252 subsecuta
814 1153 954 1240 vifioni
973 1151 1073 1240 fecit
1087 1153 1226 1238 lidem.
1283 1153 1393 1240 Haec
1412 1183 1470 1241 ex
1603 1168 1609 1174 '

203 1247 412 1350 seniorum
439 1263 673 1349 nostrorum
704 1260 864 1367 relatu,
892 1261 1003 1352 salva
1026 1295 1154 1382 penes
1178 1261 1288 1380 ipsos
1326 1293 1470 1352 rerum

166 1383 168 1390 “
204 1375 308 1479 lide,
333 1406 416 1461 non
434 1372 564 1470 otiose
580 1374 915 1491 perstiinximus,
945 1383 1140 1491 quatinus
1158 1379 1282 1464 nostri
1309 1400 1398 1465 tem

205 1492 265 1586 ris
294 1487 554 1573 ecclesiarum
579 1507 769 1572 nontam
798 1486 1022 1604 praelatos,
1050 1517 1178 1604 quam
1206 1487 1368 1594 elatos,
1424 1522 1468 1578 ο-

205 1603 343 1685 minos
371 1630 454 1685 non
467 1621 643 1792 patres,
674 1598 891 1688 exallores
918 1629 1001 1686 uon
1055 1604 1234 1704 astures,
1259 1630 1367 1714 quos
1383 1633 1468 1690 non

206 1732 341 1798 terret
370 1710 466 1799 Balt
496 1706 614 1814 asar,
645 1712 880 1798 Antiochus
906 1734 980 1799 aut
1049 1711 1289 1816 eliodorus,
1316 1737 1472 1802 terreat

181 1905 184 1910 .
206 1819 349 1911 saltim
364 1821 433 1912 vel
449 1824 583 1909 noller
607 1823 886 1912 Humbertus.

224 2097 230 2108 ·
323 2025 703 2128 Anno'Dominicae
727 2041 1053 2127 incarnationis.
1084 2101 1095 2124 .
1121 2036 1248 2125 ‚Post
1265 2037 1475 2126 Humber·

206 2153 303 2237 tum
325 2151 483 2235 Brunin
544 2179 637 2238 sex
662 2149 853 2239 Fuldenfi
872 2153 1068 2238 coenobio
1088 2147 1161 2236 sub
1240 2171 1362 2251 atur,
1390 2177 1479 2279 mos

203 2290 304 2350 rum
333 2177 603 2347 laudabilium
631 2261 676 2349 &
706 2266 914 2350 bonorum
932 2255 1122 2349 'actuum
1160 2258 1202 2346 se
1243 2285 1372 2362 ator,
1400 2286 1474 2373 qur

206 2376 403 2486 quamvis
431 2375 586 2460 crebris
612 2371 817 2461 viscerum
855 2372 1071 2461 doloribus
1106 2377 1379 2474 cruciaretur,
1415 2393 1474 2457 ta·

204 2513 303 2570 men
328 2485 513 2571 instantia
536 2487 626 2596 ejus
652 2486 881 2574 cottidiana
911 2487 990 2572 fuit
1011 2545 1022 2588 ,
1043 2487 1155 2600 jugis
1167 2481 1397 2572 sollicitudo
1427 2483 1472 2570 liz

203 2597 381 2794 provida
396 2594 636 2712 dispensatio
651 2627 793 2686 rerum
811 2597 1194 2700 ecclesrasticarum,
1212 2597 1381 2684 tandem
1398 2623 1468 2684 ve·

210 2731 269 2818 ¹ut
285 2737 435 2794 aurum
458 2713 501 2792 in
528 2709 694 2794 fornace
715 2713 941 2826 probatum
965 2708 1089 2826 longa
1112 2709 1312 2798 excotlus
1345 2707 1471 2794 mole-

203 2822 307 2917 stia,
332 2815 506 2929 septimo
524 2821 731 2904 ministerii
749 2819 810 2906 lui
827 2854 936 2908 anno
952 2825 1140 2912 transivit
1156 2822 1210 2908 ad
1225 2823 1470 2910 Dominum.

203 2929 298 3018 Hic
316 2946 510 3012 ornatum
528 2926 725 3030 ecclefiae,
744 2933 795 3015 ab
812 2933 1055 3022 Humberto
1076 2935 1306 3049 direptum,
1322 2937 1365 3018 in
1381 2959 1472 3048 cap

202 3045 275 3240 pis
296 3067 492 3154 reparans
510 3045 807 3236 aupmentavit.
847 3042 1145 3134 Beddrnu'rcla
1175 3043 1318 3134 villam
1335 3047 1472 3157 acqui·

148 3174 157 3190 ‘
221 3156 331 3254 ruit,
357 3149 527 3236 familiae
570 3181 638 3236 uae
667 3173 830 3241 veteres
854 3155 1093 3245 insolentias
1118 3157 1298 3246 ditlante
1321 3158 1473 3270 justitia

204 3260 476 3380 compescuit,
499 3263 545 3350 δι
562 3265 605 3347 in
621 3270 962 3378 praevaricatores
977 3269 1215 3381 hujusmodi
1229 3267 1475 3356 sententiam

201 3374 505 3496 promulgavit.
762 3489 894 3582 CXX

233 3611 479 3721 Coufiitutio
522 3613 732 3732 Bmulngi
757 3618 915 3708 abbatis
942 3632 1081 3708 contra
1093 3618 1308 3737 seditiones
1331 3617 1452 3736 sumt}

531 3841 534 3846 Ι
728 3733 809 3820 liae
826 3738 942 3850 suut.

202 3877 377 4013 Notum
393 3865 434 3941 fit
449 3867 614 3943 omnibus
627 3868 788 3946 ecclefiae
813 3868 881 3945 Dei
899 3867 1089 3955 fidelibus,
1110 3865 1270 3965 qualiter
1284 3889 1352 3965 ego
1367 3867 1476 3943 Bnn·

294 3990 479 4058 ulutatu,
503 3969 572 4046 Dei
593 3969 715 4066 gratia
735 3967 1108 4152 ‘Laurpshammeufis
1133 3969 1274 4062 abbas,
1299 3971 1347 4048 ob
1366 3971 1476 4068 repri-

894 4100 917 4155 2
1235 4094 1239 4098 ’
1321 4096 1424 4152 men·
