4000 5417
931 440 1117 521 Canon.
1144 462 1207 517 ar
1232 439 1453 521 carm

558 454 609 541 28

557 750 619 829 vel
632 760 847 826 caeterorum
860 746 1061 823 fundorum
1070 745 1107 822 in
1120 770 1216 845 pago
1223 748 1473 843 Moynecgowr,
1482 691 1600 823 inllne
1610 751 1666 825 vel
1677 750 1831 827 marcha

560 852 736 938 Raodora,
752 851 789 925 in
803 852 884 925 loeo
899 862 1110 947 nuncupato
1136 847 1336 945 Niwenhof,
1352 848 1457 947 super
1481 850 1639 927 fluvium
1654 852 1827 940 Rouana,

560 951 599 1030 δι
621 951 794 1051 quicquid
814 952 859 1026 de
873 950 1019 1050 propria
1043 949 1149 1025 alode
1169 948 1287 1025 nostra
1307 951 1356 1026 ad
1380 950 1499 1050 ipsum
1518 954 1644 1027 locum
1668 951 1828 1027 sanslum
1851 1014 1860 1019 .

559 1054 837 1150 delegavimus,
865 1054 924 1130 vel
938 1052 985 1127 ab
1001 1051 1084 1126 aliis
1097 1052 1219 1125 nean
1234 1052 1449 1128 timentibus
1462 1053 1675 1130 nonnullus
1690 1054 1828 1129 ibidem
1931 1093 1934 1097 1
1987 1019 1988 1066 ¹

560 1157 738 1233 nuditum
757 1152 838 1242 est,
864 1154 904 1229 in
925 1153 1020 1227 locis
1042 1152 1262 1251 nuncupatis
1299 1154 1521 1249 Ballingurne
1543 1152 1754 1231 marcha&
1780 1155 1828 1230 ad

122 1204 125 1211 Υ
218 1242 229 1279 ”
326 1287 329 1296 ·
438 1245 445 1273 ⁷
562 1254 730 1357 Caspenm
746 1256 785 1333 dt
799 1256 835 1330 ln
865 1252 1194 1341 Wolencnssrrim&
1207 1253 1246 1329 in
1270 1254 1499 1350 Nilachgowr
1514 1257 1563 1331 ad
1577 1256 1775 1345 Horebeim,
1788 1256 1827 1333 δι

366 1358 371 1379 “
476 1426 481 1433 .
560 1359 609 1436 ad
625 1360 799 1434 Grannum
812 1356 850 1433 &
866 1358 914 1433 ad
943 1357 976 1431 Τ
973 1354 1250 1444 lauretianam,
1277 1355 1441 1433 similiter
1452 1359 1488 1431 in
1503 1380 1598 1456 pago
1614 1357 1827 1451 rogantem,

561 1457 786 1559 adSnllriffa
804 1457 904 1535 &ad
930 1455 1162 1545 Dobornolm,
1190 1456 1250 1533 vel
1264 1456 1304 1531 in
1318 1459 1402 1534 aliis
1416 1458 1531 1547 locis,
1556 1482 1710 1533 necnon
1726 1458 1764 1534 δε
1785 1459 1826 1533 in

554 1586 650 1662 pago
681 1560 736 1641 W
731 1555 927 1657 ormaciense
941 1582 984 1634 ac
1010 1558 1202 1653 Murgentia
1216 1560 1377 1650 civitate,
1392 1562 1441 1637 ad
1468 1560 1664 1648 odenheim,
1679 1560 1726 1633 ad
1741 1558 1825 1635 Nu·

562 1664 727 1750 scarheim,
753 1663 792 1736 in
824 1660 1058 1747 Dieaenhor'm,
1085 1661 1125 1733 in
1157 1660 1415 1751 Mummiam,
1440 1661 1481 1736 in
1513 1662 1735 1749 Retraham,
1761 1660 1824 1736 vel

526 1851 530 1859 ,
559 1764 767 1860 ubicunque
780 1786 864 1837 mea
877 1762 1023 1837 videtum
1034 1759 1272 1860 ellepollessm
1283 1762 1344 1839 seu
1359 1765 1404 1839 de
1419 1764 1584 1861 quolibet
1607 1762 1765 1841 attraslu
1777 1762 1825 1837 ad

560 1890 621 1944 me
635 1865 791 1941 noscitur
803 1862 1010 1965 pervenisse,
1025 1863 1230 1956 cumomni
1244 1864 1458 1963 mtegritate
1472 1865 1711 1955 sua,mans1s,
1726 1887 1825 1939 cam·

559 1968 644 2069 pis,
670 1968 800 2056 terris,
833 1966 973 2066 pratis,
998 1965 1165 2064 pascuis,
1190 1967 1351 2065 perviis,
1378 1966 1511 2065 sylviS,
1546 1969 1682 2056 vineis,
1709 1966 1825 2041 domi-

560 2072 647 2158 bus,
673 2068 863 2156 aedificiis,
888 2090 975 2143 cum
992 2064 1170 2162 adjunctis
1185 2065 1424 2164 adjacentiis,
1451 2071 1574 2167 aquis,
1600 2090 1825 2167 aquarumve

559 2170 792 2258 decursibus,
817 2168 1017 2257 farinariis,
1042 2167 1252 2266 mancipiis,
1278 2173 1499 2259 accolabus,
1525 2172 1669 2269 peculio
1690 2172 1825 2245 utrius·

504 2272 507 2278 ’
561 2296 632 2370 que
651 2272 758 2347 sexus
775 2268 914 2364 majore
930 2270 990 2347 vel
1003 2270 1163 2358 minore,
1189 2272 1388 2348 mobilibus
1401 2271 1440 2349 dt
1451 2272 1728 2356 immobilibus,
1745 2294 1828 2343 om-

561 2375 623 2450 nia
636 2370 675 2448 dr
688 2396 736 2447 ex
760 2370 931 2449 omnibus
956 2383 1077 2447 totum
1091 2369 1129 2448 &
1143 2372 1191 2445 ad
1205 2372 1391 2470 integrum
1404 2386 1482 2448 tam
1497 2370 1612 2469 ipsum
1627 2368 1825 2470 praefatum

513 2516 515 2521 ·
560 2470 844 2560 monasterium,
869 2471 1199 2569 quamducunsia,
1224 2499 1309 2573 quae
1323 2474 1462 2551 ibidem
1474 2472 1630 2572 aspicere
1644 2473 1825 2560 videntur,

445 2648 462 2664 ,
488 2572 493 2585 ’
560 2575 601 2651 in
616 2574 706 2649 locis
722 2570 801 2669 jam
823 2572 951 2662 distis,
976 2574 1037 2650 vel
1049 2574 1259 2672 ubicunque
1284 2576 1457 2651 moderno
1470 2586 1646 2673 tempore
1661 2596 1745 2649 mea
1770 2572 1826 2650 vi·

561 2676 694 2753 dentur
707 2674 774 2751 else
799 2674 953 2775 possessio
965 2675 1027 2753 vel
1039 2676 1253 2765 dominatio,
1266 2673 1403 2771 dejure
1422 2698 1508 2752 meo
1521 2675 1561 2751 in
1576 2673 1640 2773 jus
1652 2674 1693 2753 dr
1706 2675 1826 2751 domi·

561 2777 750 2856 nationem
776 2777 883 2855 sandi
908 2776 1057 2855 Nazarii
1074 2779 1196 2866 dono,
1220 2778 1351 2866 trado,
1375 2789 1487 2875 atque
1513 2778 1756 2867 transfundo,
1780 2801 1827 2853 ea

557 2878 696 2957 ‘scilicet
709 2878 878 2970 ratione,
903 2893 947 2955 ut
959 2879 1090 2957 diebus
1111 2880 1201 2959 vitae
1227 2902 1321 2957 meae
1342 2878 1460 2978 ipsum
1481 2878 1744 2957 monasterium
1767 2879 1828 2956 vel

561 2983 687 3058 omnia
708 2982 866 3082 superius
891 2981 1151 3082 comprehensa
1176 2982 1311 3058 habere
1337 2981 1491 3057 debeam
1513 2981 1738 3059 &excolere
1764 2981 1827 3056 sub

561 3082 849 3172 usufruliuario,
876 3083 1022 3161 &nihil
1044 3084 1177 3160 exinde
1196 3084 1386 3172 minuere,
1411 3082 1470 3157 sed
1495 3081 1669 3181 quicquid
1693 3081 1829 3158 addere

563 3196 628 3260 aut
642 3184 833 3262 meliorare
847 3199 1016 3285 potuero,
1042 3186 1177 3262 devota
1190 3199 1314 3263 mente
1328 3208 1372 3261 ac
1384 3198 1551 3285 prompta
1565 3182 1829 3259 voluntatede·

561 3284 700 3375 sidero,
726 3285 928 3364 &censum
959 3288 1066 3373 annis
1080 3287 1234 3382 sagulis
1258 3289 1298 3362 in
1318 3286 1514 3363 festivitate
1536 3284 1644 3361 fanen
1676 3284 1829 3363 Nazarii

501 3480 506 3488 .
562 3386 691 3463 decem
707 3386 838 3465 solidos
862 3390 1076 3489 persolvam.
1128 3388 1282 3476 Quando
1303 3412 1392 3464 vero
1417 3412 1524 3465 meus
1538 3386 1729 3464 advenerit
1750 3388 1828 3462 dis-

562 3488 676 3567 cessus
691 3488 736 3565 de
749 3489 820 3567 hoc
836 3491 992 3581 saeculo,
1019 3506 1107 3567 nunc
1123 3490 1237 3566 abbas
1251 3491 1298 3565 de
1313 3488 1531 3565 monasterio
1556 3487 1662 3566 santii
1676 3486 1830 3566 Nazarii

496 3670 499 3677 ,
561 3616 648 3667 cum
672 3592 817 3668 consilio
837 3594 1017 3671 bonorum
1036 3592 1233 3668 hominum
1258 3591 1304 3667 de
1324 3614 1455 3687 genere
1479 3591 1599 3669 nostro
1621 3604 1699 3667 tam
1717 3590 1830 3668 saecu-
1987 3617 1988 3622 ¹

562 3694 725 3783 larium,
753 3719 864 3793 quam
884 3694 922 3773 &
948 3698 1106 3773 aliorum
1128 3693 1373 3791 religiosorum
1394 3693 1562 3768 virorum
1578 3692 1617 3769 ὅ(
1642 3693 1765 3770 Deum
1781 3692 1829 3768 ti-

562 3797 745 3873 mentium
760 3798 874 3891 eligat
887 3798 931 3871 de
956 3798 1031 3895 ipso
1052 3796 1265 3872 monasterio
1287 3794 1499 3873 abbatissam
1512 3796 1559 3870 de
1584 3818 1717 3891 genere
1733 3818 1826 3883 meo,

563 3920 647 3994 quae
660 3897 783 3975 casam
808 3899 877 3973 Del
890 3898 1094 3993 gubernare
1106 3900 1231 3973 valeat
1250 3897 1449 3973 secundum
1474 3897 1597 3974 Βειιπι
1618 3899 1681 3975 vel
1703 3898 1827 3972 secun·

561 3999 653 4080 dum
665 4000 872 4081 saeculum..
890 4052 899 4077 .
914 3998 956 4077 Si
970 4020 1077 4089 vero,
1102 3998 1200 4103 quod
1216 3996 1324 4089 absit,
1348 3998 1537 4091 evenerit,
1561 4012 1606 4078 ut
1630 3999 1827 4176 εῑαὲἕῐεειι-

1732 4119 1777 4174 us
