4000 5417
483 485 559 562 254
858 461 1041 541 Cnnou.
1068 481 1130 538 nr
1156 457 1369 542 Cornan
1475 475 1487 486 “

481 679 834 700 m*

484 765 641 854 abbate,
667 765 742 866 ipso
754 768 928 866 praesente
951 767 990 846 &
1014 769 1156 848 caeteris
1170 767 1369 858 fratribuS,
1395 791 1521 844 coram
1534 769 1701 869 probatis
1714 770 1756 848 δι

485 868 688 946 subnotatis
705 869 871 960 testibus,
897 869 1071 948 videlicet
1087 869 1158 971 ipse
1184 871 1418 948 Folcnandus
1435 871 1569 960 abbas,
1595 872 1634 948 δι
1647 874 1755 949 deca·

485 991 557 1046 nus
592 970 821 1060 Hunfridus,
849 970 1085 1062 Adehadm,
1111 974 1378 1069 marquardus,
1403 973 1612 1061 Udalricus,
1628 974 1668 1050 δι
1687 975 1754 1049 ite·

485 1095 570 1148 rum
584 1073 781 1150 Udalricus
798 1077 984 1154 monachi.
1035 1077 1090 1152 De
1103 1076 1313 1163 nobilibus,
1339 1077 1472 1152 Bonno
1487 1098 1640 1163 conus,
1663 1078 1755 1152 Ber·

486 1173 628 1250 tholsus
653 1175 766 1251 frater
791 1173 888 1272 ejus,
914 1179 1111 1274 Magones‚
1137 1176 1345 1252 Conradus.
1398 1176 1455 1251 De
1489 1174 1753 1265 servitoribus,

486 1277 700 1366 Cunradus,
726 1275 961 1367 Bertholfus‚
988 1277 1110 1366 Craft,
1136 1278 1383 1376 Dragebodo,
1408 1275 1641 1370 Giselherus,
1667 1277 1756 1354 Die-

487 1377 651 1469 dericus,
674 1378 714 1457 &
729 1381 775 1456 de
789 1379 895 1481 plebe
911 1405 1025 1480 quam
1038 1380 1200 1480 plurimi.

488 1583 641 1762 Cum
665 1581 745 1670 hoc
772 1574 911 1672 Billun
939 1615 966 1670 0
993 1587 1049 1672 ob
1085 1585 1285 1671 meritum
1309 1581 1354 1670 δι
1390 1580 1616 1671 vindislam
1640 1579 1756 1668 beati

596 1699 793 1810 martyris
819 1694 880 1782 sui
908 1611 1081 1788 stazarii
1108 1698 1229 1786 Deus
1255 1693 1464 1783 ultionum
1492 1695 1619 1782 libere
1637 1695 1755 1806 egit,

487 1809 674 2003 itempue
694 1811 736 1894 in
765 1831 943 1896 caeteros
959 1806 1020 1897 sui
1044 1807 1221 1912 similes,
1247 1812 1321 1924 qui
1356 1805 1558 1925 populum
1582 1806 1757 1893 Domini

488 1919 600 2006 hurn'
620 1922 841 2024 avertunt,
870 1920 916 2008 sir
940 1921 1229 2010 haereditatem
1239 1925 1345 2034 ejus
1359 1942 1655 2021 vexaverunt,
1684 1947 1758 2004 ex·

487 2032 622 2119 ¹tendit
640 2059 812 2118 manum
829 2029 946 2120 suam
971 2037 1015 2120 in
1030 2036 1311 2123 retribuendo.
1367 2033 1483 2124 Nam
1501 2033 1634 2120 ferme
1648 2032 1759 2118 bien·

488 2149 560 2231 nio
577 2167 721 2232 mutus
750 2143 795 2232 δι
823 2143 1032 2262 elinguis,
1058 2177 1111 2234 ac
1127 2148 1218 2235 dira
1245 2149 1435 2233 omnium
1472 2148 1760 2232 membrorum

489 2255 650 2372 paralisi
666 2257 904 2346 contrabius
932 2289 1057 2346 carne
1079 2263 1167 2375 jam
1191 2281 1450 2376 praemorrua
1469 2318 1481 2359 ,
1497 2255 1585 2342 solo
1612 2253 1760 2367 spiritu

519 2369 717 2485 alpitanS,
746 2370 994 2460 dedecorose
1024 2374 1195 2462 tandem
1218 2373 1263 2459 ἃ
1289 2371 1503 2456 intestatus
1531 2368 1758 2479 expiravit.

490 2399 759 2572 {berhardus
774 2485 827 2570 de
854 2483 1033 2576 Ertbarsr
1053 2483 1188 2572 subito
1216 2478 1423 2598 praeclusa
1443 2508 1549 2568 voce
1568 2477 1760 2590 impoeni·

377 2655 385 2662 -
491 2616 585 2684 tens
605 2598 723 2682 obiit.
779 2596 1022 2686 Burkardus
1040 2598 1091 2683 de
1100 2597 1255 2684 Scurra
1274 2615 1391 2682 totus
1409 2592 1600 2706 turgidus
1618 2619 1668 2673 ae
1682 2588 1762 2675 foe·
1802 2652 1805 2656 ι

493 2709 619 2813 eidus,
637 2705 954 2802 scaturientibus
970 2737 1139 2824 quoque
1149 2709 1379 2809 vermibus,
1397 2697 1672 2821 ignominioso
1680 2701 1761 2787 fine

493 2825 735 2926 contabuit,
773 2849 1003 3046 omnesrpue
1029 2846 1119 2911 tam
1144 2817 1370 2923 officialeS,
1399 2845 1539 2931 „quam
1575 2816 1763 2917 domini,

368 3001 369 3006 κ
522 2941 565 3023 ui
583 2936 901 3025 commederunt
956 2939 1092 3038 acob,
1121 2933 1166 3020 bt
1184 2931 1326 3019 locum
1343 2935 1434 3044 ejus
1462 2924 1764 3029 desolaverunt,

492 2963 627 3138 subito
642 3050 902 3151 defecerunt,
927 3053 1143 3166 perierunt
1187 3066 1331 3161 ropter
1347 3045 1622 3158 iniquitatem.
1648 3041 1764 3168 Bur}-

494 3192 717 3254 unonous
745 3164 948 3279 siquidem
976 3187 1131 3252 conns
1212 3159 1475 3257 advocatus,
1503 3149 1612 3240 bello
1636 3175 1764 3282 turpi·

492 3295 560 3366 ter
577 3275 712 3366 villus
741 3308 791 3363 ac
818 3275 957 3362 eastris
976 3294 1158 3374 exutus,
1188 3271 1351 3358 tristitia
1369 3270 1504 3386 periit.
1534 3267 1701 3354 Bonno
1719 3261 1765 3348 lr-
1796 3291 1802 3297 ·

493 3393 605 3479 beris
635 3389 829 3479 &rebus
862 3391 1058 3476 omnibus
1085 3383 1383 3472 exhaeredatus
1409 3376 1599 3579 implevit
1625 3397 1767 3463 extra·

492 3534 599 3592 neos
625 3506 786 3592 viribus
813 3499 896 3590 suis
919 3501 966 3590 ἃ
994 3497 1160 3589 labores
1186 3494 1248 3585 sui
1281 3493 1443 3584 suntin
1496 3518 1601 3578 omo
1620 3487 1768 3575 aliena.
1858 3601 1866 3614 „

497 3613 588 3734 lpse
611 3642 698 3732 quo
728 3646 782 3704 ue
802 3616 1085 3704 Panormus
1113 3611 1239 3700 Rnur
1269 3635 1448 3710 conius,
1476 3605 1607 3691 frater
1634 3603 1770 3717 Impe-

497 3733 676 3833 ratoris‚
700 3643 1000 3832 Quunaous,
1029 3723 1211 3841 praesens
1237 3722 1428 3834 ejusdem
1445 3715 1625 3804 ecclesrae
1644 3715 1771 3801 advo-

497 3868 649 3948 catae,
678 3842 819 3932 divina
847 3839 1199 3927 animadverfione
1224 3832 1372 3937 sensit,
1408 3831 1453 3920 δι
1481 3851 1687 3948 expertus
1713 3825 1771 3912 est

556 3979 784 4070 Fraternas
802 3979 934 4080 acies,
960 3985 1208 4089 cognataque
1234 3971 1327 4060 lello
1346 3966 1544 4088 profanis

469 4221 473 4239 ‚
508 4235 513 4244 ἱ
555 4107 776 4206 Decertnta
798 4107 911 4200 odiis.
1402 4110 1409 4128 '
1570 4095 1721 4198 Sensit,
