4000 5417
545 462 616 555 13⁶
920 454 1106 535 ennon.
1133 473 1194 529 ar
1220 451 1437 531 Citam

539 620 1088 641 ..m-n—

541 759 724 835 Romanae
749 760 908 839 ecclefiae
929 760 968 835 in
989 759 1109 836 mense
1140 759 1315 859 Januario
1329 757 1373 836 δι’
1389 760 1582 836 indisiione
1596 750 1813 853 undecima,

229 915 232 921 .
360 885 414 955 30.
427 866 503 935 Dec.
542 860 636 937 bene
650 862 783 937 valete.
818 864 917 938 Data
931 862 982 937 ΙΙΙ
1002 861 1183 937 kalendas
1196 861 1361 961 Januarii
1377 886 1445 962 per
1462 885 1617 940 manum
1631 863 1816 963 Stephani

395 966 472 1039 982·
545 962 615 1039 Dei
629 962 856 1062 providentia
869 964 1065 1064 primicerii
1079 963 1207 1040 sanstae
1229 961 1321 1038 sedis
1346 964 1578 1062 apostolicae,
1604 987 1701 1041 anno
1722 990 1815 1065 pon·

544 1064 705 1141 tificatus
719 1066 859 1143 domini
877 1066 987 1142 nostri
1011 1065 1198 1143 Benedisti
1214 1063 1413 1140 sanstissimi
1429 1066 1571 1164 septimi
1586 1089 1694 1166 papae
1706 1090 1814 1157 nono,

544 1168 762 1265 imperatore
770 1170 920 1244 domino
934 1166 1056 1243 nostro
1063 1168 1230 1243 Ortona
1240 1165 1279 1243 δι
1294 1167 1460 1265 pacificio
1468 1168 1702 1266 imperatore,
1717 1192 1814 1245 anno

543 1270 674 1367 quinto
689 1270 861 1361 decimo,
888 1271 928 1347 in
944 1268 1065 1347 mense
1090 1267 1318 1371 Januario'&
1332 1269 1524 1346 inditiione
1551 1270 1660 1369 supra
1682 1270 1816 1371 scripta

392 1390 397 1401 ’
541 1373 752 1447 undecima.
1271 1412 1275 1420 ·
1425 1405 1432 1415 ·

327 1573 764 1745 ‘Dedfflreh-'Orao''
802 1568 1004 1661 secundus
1029 1573 1153 1685 hujus
1176 1572 1357 1659 nominis
1383 1572 1631 1687 imperator,
1655 1571 1819 1661 Romae

223 1692 229 1701 '
603 1792 606 1799 Δ
659 1704 864 1788 mortuus
883 1689 926 1771 in
943 1684 1130 1802 paradiso
1147 1682 1273 1776 santii
1291 1685 1408 1773 Petri
1425 1684 1627 1798 condigno
1653 1685 1818 1772 honore

510 1842 515 1851 ·
544 1792 755 1911 sepelitur.
812 1800 954 1909 Hujus
977 1797 1063 1885 silio
1080 1802 1213 1929 patris
1229 1800 1452 1912 aequivoco
1469 1796 1697 1885 admodum
1753 1829 1817 1885 ar·

544 1908 675 2013 vulo,
705 1911 948 1999 &necdum
998 1941 1049 1997 ar
1079 1942 1093 1999 r
1121 1907 1447 2027 gubemaeulisa
1481 1930 1525 1995 to
1534 1906 1554 2014 ‘‚
1583 1914 1736 2027 respub
1753 1913 1817 1997 'ca

546 2050 623 2139 per
640 2023 923 2112 venerabilem
953 1940 1257 2127 Xdesheidem
1286 2025 1426 2113 aviam
1450 1938 1597 2125 fuam,
1625 2024 1670 2112 dt
1689 2026 1816 2139 impe

547 2140 744 2222 ratricem
770 2136 1085 2253 Theophaniam
1106 2199 1117 2240 ‚
1144 2158 1328 2223 matrem
1344 2132 1490 2238 suam,
1517 2134 1712 2224 nobiliter
1730 2164 1816 2223 arn·

536 2250 774 2337 ‘ministrata
794 2250 850 2335 est
870 2312 883 2359 ,ι
910 2252 1134 2367 quousque
1162 2278 1266 2367 puer
1289 2246 1393 2365 ipse,
1420 2246 1571 2335 litteris
1585 2249 1737 2339 divinis
1768 2250 1817 2337 dt

545 2358 738 2447 humanis
758 2361 946 2478 adprime
976 2362 1217 2465 instrusium
1246 2363 1300 2448 ad
1319 2384 1451 2449 tantae
1467 2363 1816 2475 virtutisinfigne

546 2476 736 2579 emicuit,
767 2496 816 2561 ut
840 2475 1043 2563 mirabilia
1071 2475 1205 2577 mundi
1232 2471 1522 2675 appellaretur.
1573 2474 1660 2565 Hie
1683 2477 1817 2590 patris

546 2588 699 2699 avique
720 2584 972 2703 prosequens
998 2587 1201 2704 vestigia,
1230 2587 1259 2673 li
1288 2608 1466 2673 ertatem
1490 2587 1819 2707 Laureshamen·

548 2698 600 2785 fis
616 2700 851 2786 monasterii
880 2704 1120 2790 interventu
1149 2698 1399 2805 Salemanni·
1416 2703 1582 2789 abbatis
1609 2696 1681 2789 sua
1715 2728 1819 2816 quo·

548 2834 632 2925 que
649 2811 896 2902 austeritate
930 2815 1159 2905 roboravit.
1597 2828 1603 2840 ’

1102 3008 1321 3103 LXXXI.

364 3152 512 3225 *onitu
551 3098 752 3231 Ottonir*
771 3134 888 3229 tertii
906 3140 951 3228 da
980 3139 1226 3247 immunitate
1242 3134 1615 3245 Laurrsirammanso
1634 3139 1733 3224 ercle
1756 3167 1818 3225 aa.

548 3318 601 3448 ln
617 3306 766 3385 nomine
790 3308 920 3387 sanstae
945 3308 1205 3387 &individuae
1229 3308 1434 3385 Trinitatis.
1483 3306 1586 3382 Οττο
1610 3303 1736 3381 divina
1761 3302 1819 3380 sa-

597 3424 710 3486 vente
725 3412 923 3489 elementia
936 3434 1016 3488 rex.
1067 3411 1108 3488 Si
1122 3433 1213 3507 erga
1232 3412 1314 3487 loca
1338 3410 1472 3487 divinis
1490 3406 1649 3483 cultibus
1672 3405 1819 3481 manci·

547 3522 663 3611 pata,
691 3527 837 3611 propter
859 3532 1024 3589 amorem
1050 3514 1151 3600 Dei,
1176 3511 1331 3611 ejusque
1347 3511 1551 3589 ineisdem
1576 3508 1666 3585 loeis
1685 3506 1822 3583 irbisa-

537 3615 735 3705 ‚mulantes
750 3614 928 3694 beneficia
952 3628 1136 3717 oportuna
1158 3614 1365 3712 largimur,
1390 3613 1590 3713 praemium
1604 3609 1708 3686 nobis
1723 3608 1823 3709 apud

547 3714 752 3795 Dominum
785 3734 945 3797 aeternae
971 3717 1280 3795 remunerationis
1313 3716 1462 3815 rependi
1496 3738 1572 3791 non
1609 3710 1819 3788 diffidimus.
1991 3795 1992 3802 Ν

550 3815 779 3919 Quapropter
792 3821 938 3897 noverit
951 3820 1087 3896 inserta
1103 3819 1285 3914 sagacitas
1300 3820 1362 3896 seu
1374 3817 1521 3894 utilitas
1548 3815 1722 3890 omnium
1735 3812 1824 3888 fide·
1991 3839 1992 3848 ¹

550 3916 647 3995 lium
662 3920 893 4011 nostrorum,
919 3936 998 3997 tam
1013 3920 1260 4021 praesentium
1281 3942 1396 4019 quam
1409 3919 1448 3997 δι
1473 3918 1713 4005 futurorum,
1738 3914 1827 4012 quia

552 4018 610 4097 vir
622 4024 846 4103 venerabilis
855 4024 1104 4102 salamannus
1119 4025 1270 4105 abbaex
1284 4020 1502 4123 monasterio
1514 4020 1828 4219 Lauresmdm'
1990 4089 1991 4136 }
