4000 5417
383 562 386 569 -
488 508 595 589 Sur.
628 506 683 587 XI
708 508 944 588 Haunrco
968 506 1004 587 II
1028 528 1180 589 uass.
1393 540 1460 615 ¹4⁹

184 714 186 717 ,
545 710 548 715 ,

144 842 148 847 ·
193 796 385 903 bemavis
402 878 415 919 ‚
444 813 553 899 unde
571 811 616 899 δι
633 814 697 899 ab·
712 812 912 910 Heinrico
929 809 1120 901 secundo
1136 808 1402 927 privilegium
1419 811 1463 901 li·

192 930 366 1015 bertatis
385 924 562 1013 ecelesrae
578 922 662 1011 luae
679 928 931 1042 impetravit.

205 1210 209 1215 ι
303 1143 466 1231 Ottone
483 1144 610 1227 tertio
635 1142 694 1225 im
723 1154 887 1228 eratore
915 1138 1055 1229 Roma
1079 1138 1297 1243 defundio,
1314 1138 1371 1229 -dr
1387 1171 1462 1257 per

187 1254 464 1342 Heribertum
490 1168 1047 1370 Colonienlemarchiepisco
1073 1283 1148 1339 um
1165 1276 1293 1367 atque
1322 1254 1461 1343 Gode·

187 1366 347 1456 sridum
367 1367 517 1453 ducem
544 1368 682 1479 Aquis
712 1369 800 1451 rani
817 1362 975 1482 sepulto
992 1430 1004 1469 ‚
1033 1284 1258 1455 Ideinricus
1270 1365 1361 1453 dux
1381 1368 1460 1457 Ba·

190 1474 434 1582 wariorurn,
452 1481 614 1611 imperii
626 1394 803 1564 sardibus
821 1482 1011 1595 arreptis
1021 1478 1122 1565 Rex
1138 1476 1357 1593 eligitur&
1369 1481 1458 1571 Μει-

216 1594 346 1677 ontiae
364 1586 601 1703 solemmter
630 1590 872 1693 ordinatur,
899 1593 1017 1701 cujus
1070 1613 1199 1676 uanta
1220 1592 1371 1677 fiterint
1393 1596 1457 1705 ju·

222 1706 310 1790 'tiae
336 1704 569 1819 &pietatis
599 1702 798 1817 insignia,
827 1702 998 1789 testatur
1026 1617 1093 1784 illa
1121 1698 1302 1802 nobilis,
1329 1732 1458 1815 quam

187 1816 399 1916 condidit,
428 1815 472 1902 dr
491 1819 533 1900 in
550 1842 633 1928 qua
650 1814 846 1901 conditus
863 1814 940 1915 est,
966 1812 1315 1925 Babenbergenfis
1333 1812 1458 1899 eccle·

185 1928 267 2029 fia,
284 1927 486 2039 fiquidem
499 1948 623 2013 tanto
639 1924 854 2040 religionis
872 1954 1017 2010 amore
1035 1925 1285 2026 ducebatur,
1322 1946 1370 2011 ut
1385 1952 1459 2010 mo-

154 2036 402 2147 nachorum
422 2053 594 2151 patera
626 2036 865 2153 pelleretur.
922 2038 1029 2138 Hie,
1058 2058 1107 2121 ut
1124 2034 1375 2150 praedidum
1392 2036 1461 2139 est,

181 2166 338 2263 rogatu
367 2148 538 2238 Geroldi
576 2069 742 2237 albatis
776 2148 1016 2236 libertatem
1049 2145 1460 2237 Laureshammensrs

180 2262 416 2348 monasterii
433 2258 506 2349 suo
523 2290 693 2378 quoque
708 2282 925 2379 praecepto
954 2261 1185 2374 roboravit.

576 2536 588 2545 -
707 2470 971 2566 LXXXIX.

110 2644 118 2661 ··
176 2604 362 2695 Heinriri
379 2603 1261 2723 *secandidrimmunitateLauraslrammrnfir
1280 2604 1458 2715 erclrſsue.
1491 2616 1511 2661 *
1523 2617 1654 2689 Omine*

203 2798 230 2847 ¹¹
254 2772 405 2845 nomine
428 2770 557 2847 landae
582 2772 851 2852 &individuae
878 2772 1079 2849 Trinitatis.
1131 2772 1376 2849 Harunrcus
1402 2772 1457 2847 di.
1527 2706 1616 2779 Μ’

234 2872 327 2947 vina
339 2868 486 2943 favente
512 2870 707 2945 clementia
722 2871 799 2947 rex.
852 2872 894 2947 Si
914 2898 1002 2969 erga
1023 2876 1106 2949 loca
1126 2873 1263 2949 divinis
1294 2872 1457 2949 cultibus

175 2970 419 3068 mancipata,
444 2967 570 3064 ibique
596 2968 675 3043 Deo
691 2968 926 3047 servientibus
947 2976 1072 3072 aliqua
1085 2973 1236 3074 pietatis
1260 2996 1369 3073 opera
1385 2974 1456 3050 im·
1507 2968 1511 2975 ’

176 3074 405 3175 pendimuS‚
432 3096 505 3145 non
521 3070 640 3145 solum
656 3070 704 3143 ad
720 3074 820 3168 regni
846 3074 955 3149 nostri
969 3074 1211 3165 stabiliorem,
1235 3074 1454 3151 feliciorem·

177 3200 250 3277 que
273 3174 411 3250 statum
431 3171 537 3250 nobis
564 3170 723 3269 prodesse
740 3170 918 3274 sapimus,
944 3199 1075 3253 verum
1097 3178 1211 3253 etiam
1233 3176 1283 3251 ad
1306 3187 1456 3255 aeternae

176 3280 268 3355 vitae
291 3276 430 3373 gaudia
457 3271 683 3371 acquirenda
704 3298 770 3356 nes
793 3276 877 3351 inde
900 3274 1024 3371 juvari
1049 3277 1204 3353 minime
1228 3278 1454 3355 dubitamus.

176 3381 414 3479 Quapropter
429 3374 576 3449 noverit
591 3372 804 3451 universitas
828 3376 993 3451 fidelium
1016 3379 1243 3467 nostrorum,
1268 3380 1456 3480 tamlprae·

176 3482 342 3557 sentium
357 3499 474 3575 quam
498 3474 537 3551 dr
562 3474 790 3579 futurorum,
817 3476 976 3571 qualiter
997 3480 1217 3556 venerabilis
1242 3480 1357 3554 abbas
1382 3480 1458 3553 Ge·

175 3584 339 3668 rotans,
367 3600 478 3675 quem
502 3576 620 3675 primo
643 3574 775 3653 noltrae
800 3578 1042 3654 ordinationis
1064 3580 1213 3679 dieper
1245 3580 1489 3657 eledionemr
1607 3646 1613 3655 .

174 3688 347 3763 fratrum
362 3678 574 3754 monasterio
600 3676 816 3755 lauresham
838 3678 952 3768 dicio,
979 3680 1079 3777 quod
1095 3678 1145 3755 est
1161 3678 1404 3755 construiium
1417 3680 1458 3769 in

174 3786 324 3861 honore
339 3782 528 3857 beatorum
544 3779 790 3895 apostolorum
816 3781 915 3857 Petri
931 3781 969 3859 dt
983 3781 1108 3870 Pauli,
1134 3780 1172 3859 δι
1186 3781 1249 3858 ubi
1275 3780 1363 3857 Stus
1378 3773 1453 3858 Na·

176 3887 308 3963 zarius
323 3884 557 3981 corporaliter
565 3896 689 3978 jacet,
714 3904 781 3983 pro
794 3882 961 3979 ejusdem
988 3883 1085 3959 bona
1100 3882 1371 3961 conversatione
1389 3884 1452 3960 ab·

177 3990 308 4065 batem
336 3968 480 4085 praeesse
499 3985 656 4085 fecimus
672 3998 691 4076 ,'
709 3984 845 4061 obtulit
867 3986 1058 4063 obtutibus
1081 3985 1215 4063 nostris
1230 3984 1452 4063 confirmati*

182 4112 295 4185 onem
306 4088 554 4171 immunitatis
575 4085 793 4267 dilerriffimp
810 4088 963 4167 senioris·
982 4112 1026 4169 ac
1061 4089 1293 4170 antecessoris
1312 4088 1448 4272 apstrh
1556 4136 1560 4140 —

817 4214 840 4286 3
1388 4215 1450 4275 11ae
1553 4281 1556 4287 .
