4000 5417
45 3596 52 3605 -
191 3536 460 3650 alloquitur:

354 436 361 447 “
470 372 1244 505 Saalxtunovrcorrornrs
1387 425 1455 525 '43

193 586 363 615 nuh-

1285 642 1459 661 —n-
1518 634 1523 647 “

156 759 160 768 ·
192 730 328 818 Porro
347 724 520 841 quidam
543 754 602 811 ex
621 728 681 811 eis
706 746 824 812 tanto
840 728 1052 829 mitiores,
1079 724 1220 813 habita
1233 720 1376 833 secum
1391 724 1458 809 de.-

192 839 453 941 liberatione,
482 864 609 951 quam
631 840 775 924 intime
804 864 946 954 regem
964 868 1227 941 exoravere,
1263 840 1458 951 quatinus

191 951 278 1070 ipse
296 980 385 1040 rem
401 981 476 1084 per
507 946 648 1036 semeti
676 947 765 1036 sum
788 955 1060 1056 examinare,
1089 953 1136 1043 dt
1156 948 1384 1038 secundum
1399 950 1458 1035 di·

191 1070 353 1153 vinitus
374 1094 412 1149 er
431 1060 626 1151 collatam
641 980 880 1177 sipientiam
895 1064 1070 1153 diffinire
1096 1066 1351 1181 dignaretur.
1377 1060 1457 1155 Ve-

192 1208 318 1283 rum,
347 1180 418 1264 ubi
436 1207 515 1263 rex
532 1172 784 1291 singulorum
800 1178 908 1262 circa
926 1172 967 1263 se
984 1176 1180 1267 affetium
1198 1177 1459 1312 ponderavit»

193 1291 237 1378 ὅ(
261 1295 372 1378 inter
394 1284 654 1379 diversorum
682 1283 937 1391 sententias,
965 1291 1066 1405 quid
1085 1292 1337 1408 potissimum
1362 1311 1458 1375 con·
1541 1309 1548 1327 ·

192 1402 267 1489 sdii
284 1398 525 1518 sequeretur
539 1464 552 1505 ‚
582 1400 803 1517 expendit,
832 1402 884 1487 fic
900 1430 973 1489 eos
989 1402 1194 1492 allocutus
1208 1402 1284 1489 est:
1300 1432 1386 1489 non
1402 1406 1411 1421 '
1442 1446 1458 1463 ·

193 1519 382 1621 noratis,
411 1518 565 1629 inquit,
594 1514 825 1600 humanum
842 1540 975 1629 genus
988 1520 1118 1605 variis
1140 1513 1405 1628 subjediume
1434 1542 1459 1599 e

194 1630 380 1732 casibus,
408 1629 454 1716 dt
479 1628 719 1743 frequenter
735 1629 930 1729 evenire,
957 1651 1091 1716 utres
1115 1628 1342 1730 munuae,
1359 1656 1458 1741 quae
1603 1634 1610 1647 ’

195 1745 418 1827 contrariis
447 1743 575 1826 initiis
601 1734 874 1843 inc'hoantur,
902 1738 1122 1826 meliorem
1145 1736 1363 1853 usiquan‘do
1380 1738 1461 1826 sor·

194 1856 357 1939 tiantur
384 1857 577 1949 exitum3
605 1850 777 1967 proinde
803 1851 965 1935 nonest
993 1848 1066 1937 des
1089 1853 1320 1953 erendum,
1346 1852 1485 1965 srpo'

196 1967 287 2049 tius
305 1960 425 2079 super
442 1963 579 2050 haere
596 2026 608 2063 ,
637 1991 735 2077 quae
752 1962 798 2050 ὅ(
816 1964 1024 2078 gravitate
1042 1880 1088 2050 ss
1104 1966 1292 2050 novitate
1310 1960 1369 2049 sui
1394 1988 1465 2046 no-

182 2074 327 2163 ‘strum
353 2071 573 2192 exsuperat
598 2072 837 2189 ingenium,
867 2074 1023 2163 divinae
1036 2076 1341 2192 providentiae,
1370 2099 1466 2185 quae

192 2216 410 2301 nunquam
428 2192 469 2272 in
486 2184 545 2273 sui
564 2184 824 2303 dispositione
843 2184 1021 2287 fallitur,
1038 2214 1222 2301 quaeque
1238 2190 1365 2272 etiam
1382 2212 1467 2269 ma·

191 2300 242 2387 lis
261 2302 366 2388 bene
383 2304 446 2385 uti
464 2304 602 2399 novit,
619 2302 767 2497 lgaietae
787 2299 846 2385 est
863 2294 1139 2413 exspectanda
1154 2302 1201 2387 dt
1219 2296 1466 2415 expetendas

190 2436 449 2529 quapropter
465 2436 552 2499 tam
577 2416 629 2498 tr'
647 2412 702 2497 iis
720 2410 820 2499 fatti
837 2440 861 2497 a
878 2414 1046 2497 notario
1071 2439 1169 2497 meo
1192 2441 1277 2497 non
1295 2414 1466 2525 exigam

186 2555 368 2642 poenaS,
396 2554 471 2641 per
495 2554 599 2640 quas
628 2524 800 2610 infamia
826 2522 922 2609 fisiae
950 2550 1059 2609 meae
1183 2526 1219 2610 is
1255 2523 1465 2622 videbitur

188 2642 337 2754 augeri
357 2666 485 2751 quam
500 2640 628 2733 minui
646 2700 659 2745 ‚¹
685 2636 799 2723 unde
817 2635 985 2750 dignius
1009 2638 1054 2723 dt
1071 2636 1139 2725 sau
1194 2633 1318 2725 bisius
1336 2639 1395 2721 irn

188 2755 242 2837 rii
258 2750 390 2835 nostri
415 2748 557 2861 gioriae
579 2753 829 2835 arbitramur
847 2762 1097 2881 congruere,
1126 2773 1174 2837 ut
1192 2750 1291 2837 data
1306 2748 1386 2841 ado
1402 2776 1463 2833 es·

190 2863 349 2947 centiae
367 2862 488 2945 venia
513 2856 696 2971 legitimo
718 2887 795 2942 eos
824 2867 1091 2953 matrimonio
1110 2863 1261 2975 conjun
1290 2890 1389 2965 am,
1418 2860 1466 2968 dr

191 2978 252 3061 rei
268 2966 464 3089 probosae
482 2967 704 3055 honestatis
721 2964 906 3061 colorem
922 2969 1205 3091 superducam.
1286 2979 1374 3091 egis
1392 2976 1463 3089 igi·

190 3114 261 3177 tur
291 3085 442 3171 audita·
464 3080 670 3169 sententia
688 3080 734 3167 iit
762 3084 1083 3284 incomfarabde
1099 3089 1326 3285 gaudium,
1352 3114 1463 3203 mag·
1548 3162 1552 3168 .

190 3198 425 3312 nitudoque
455 3198 585 3305 animi
612 3199 698 3296 ejus
724 3222 772 3279 ac
797 3222 894 3281 man
913 3200 1071 3287 uetudo
1124 3205 1277 3287 ommis
1294 3199 1466 3285 effertur

192 3310 402 3401 laudibus.
459 3306 636 3395 Interim
652 3304 889 3393 Einhardus
911 3313 1037 3421 jussus
1052 3311 1182 3397 adesse
1211 3312 1464 3429 ingreditur,

192 3454 326 3539 quem
344 3452 404 3507 ex
422 3423 493 3503 ino
522 3419 636 3503 inato
655 3446 734 3503 rex
750 3412 951 3522 salutans,
981 3426 1040 3509 ita
1055 3451 1153 3507 eum
1168 3422 1329 3538 placido
1345 3420 1468 3510 vultu

492 3445 590 3637 iam
626 3528 788 3617 dudum
812 3534 982 3617 auribus
1010 3534 1156 3619 nostris
1183 3565 1209 3619 a
1245 3536 1366 3621 vobis
1401 3534 1469 3617 de

192 3648 284 3735 lata
312 3646 371 3730 est
396 3635 681 3758 querimonia,
710 3640 828 3757 quod
866 3636 1045 3733 servitiis
1076 3646 1219 3732 vestris
1239 3643 1365 3759 regali
1381 3672 1468 3731 mu·

191 3758 408 3847 nificentia
452 3756 650 3844 hasienus
695 3757 820 3870 digne
848 3784 933 3843 non
967 3754 1328 3874 responderimus3
1371 3754 1494 3861 sed„

195 3896 248 3960 ut
288 3898 443 3957 verum·
463 3868 638 3971 fatear,
673 3870 865 3955 maxime
907 3866 1029 3989 super
1074 3872 1155 3958 hoc
1180 3870 1383 3989 cuipanda
1411 3873 1466 3960 est

192 3984 332 4079 vestra
361 3980 609 4101 negligentia
635 4035 646 4088 ‚
684 3984 1011 4183 quamlguidem
1035 3983 1134 4075 iicet
1160 3981 1378 4078 sustineam
1379 4006 1465 4181 ἑοῖ

882 4127 906 4183 a
1170 4181 1173 4185 .
