4000 5417
525 490 572 569 90
927 451 1116 531 ennon.
1143 468 1204 525 nr
1227 441 1445 527 Cannu

522 660 1798 703 ——n--h-vm--m-——ffl

522 768 635 843 tiores
661 759 805 841 caeteris
830 755 1000 833 fidelibus
1027 752 1155 829 nostris
1181 750 1332 838 sumus,
1357 760 1509 825 tantum
1533 750 1709 827 condecet
1723 774 1796 827 nos

328 936 332 943 ,
477 848 481 865 ¹
524 870 579 945 eis
595 864 770 960 largiores
786 858 824 936 dc
840 854 1146 933 misericordiores
1159 850 1238 929 elle.
1277 852 1400 938 Quam
1414 851 1462 927 ob
1477 872 1558 925 rem
1571 851 1796 948 cognoscant

477 1036 479 1039 .
524 988 655 1045 omnes
679 962 805 1039 fideles
824 958 950 1047 nostri,
965 955 1159 1057 praesentes
1184 967 1296 1051 atque
1320 951 1463 1039 futuri,
1496 954 1793 1051 quum'quidam

376 1070 382 1077 ’
523 1069 643 1145 fidelis
658 1064 800 1152 noster,
826 1060 996 1157 Sigebalt
1020 1070 1202 1145 vocatus,
1226 1076 1293 1153 per
1306 1054 1558 1131 interventum
1583 1056 1792 1134 Cunrati&

523 1166 785 1267 Gaganlrardi,
809 1162 976 1237 fidelium
988 1158 1217 1245 nostrorum,
1241 1154 1400 1248 nostram
1424 1154 1676 1232 celsitudinem
1709 1180 1791 1255 pte·

525 1288 631 1349 canus
647 1268 722 1356 est,
749 1280 792 1343 ut
810 1265 844 1339 ei
865 1262 1054 1361 quoddam
1078 1258 1337 1335 concambium
1353 1256 1539 1333 nobiscum
1553 1258 1677 1334 facere
1701 1260 1790 1333 lice-

359 1412 361 1421 ,
523 1388 606 1466 ret·‚
633 1368 740 1466 cujus
753 1364 920 1466 petitioni
936 1366 983 1439 ob
996 1376 1145 1441 aeternae
1170 1359 1351 1434 mercedis
1374 1379 1424 1461 au
1488 1374 1619 1435 entum
1635 1362 1791 1437 libenter

526 1473 703 1553 allenium
726 1466 947 1568 praebentes,
962 1464 1193 1539 decrevimus
1217 1462 1270 1536 ita
1283 1458 1375 1534 lieri.
1457 1482 1567 1538 amen
1581 1463 1791 1538 nobisnun·

525 1576 705 1651 tlantibus
719 1568 887 1644 fidelibus
903 1564 1032 1642 nostris
1044 1564 1265 1663 probitatem
1278 1561 1380 1636 illius
1394 1584 1438 1635 ac
1452 1559 1668 1650 bonitatem,
1681 1564 1790 1639 illam

528 1673 791 1753 cambitiouem
808 1668 948 1770 anobis
962 1668 1200 1766 impetratam
1224 1662 1455 1739 &donatam
1477 1664 1712 1740 concessimus
1730 1665 1790 1740 illi

528 1779 569 1853 in
584 1774 868 1875 proprietatem,
894 1767 994 1867 quod
1008 1780 1117 1843 antea
1128 1764 1260 1841 habuit
1277 1765 1317 1839 in
1337 1763 1538 1853 beneficio,
1563 1763 1722 1855 horest,
1746 1766 1789 1844 in
1901 1787 1905 1792 ’

528 1900 625 1977 pago
649 1873 923 1967 Lebadengouuo‚
948 1869 987 1945 in
1011 1870 1172 1943 amiato
1196 1868 1446 1954 Lmarrunir,
1466 1864 1562 1943 infra
1587 1868 1788 1943 terminum

526 1981 684 2055 duarum
699 1976 885 2059 villarum,
915 1969 1097 2046 Otinclrrim
1113 1967 1151 2045 dc
1166 1969 1362 2065 Hophouua
1374 1968 1649 2045 nominatarum
1666 1966 1702 2065 vj
1716 1970 1788 2045 lm·

525 2080 593 2157 bas
608 2100 694 2154 cum
709 2076 900 2161 entibus,
928 2072 1097 2171 sepibus,
1123 2069 1314 2161 aedificiis3
1340 2069 1555 2168 mancipiis,
1579 2067 1692 2147 terris
1707 2072 1787 2147 cul·

524 2183 574 2259 tis
589 2180 628 2256 dr
641 2177 818 2263 incultis,
845 2172 965 2269 agris,
990 2171 1296 2274 pratis,campis,
1323 2169 1482 2268 pascuis,
1508 2171 1638 2268 sylvis,
1664 2174 1788 2270 aquis.

472 2293 476 2305 '
524 2300 754 2377 aquarumve
787 2272 1018 2361 decursibus,
1052 2272 1298 2360 molendinis,
1328 2270 1612 2370 piscationibus,
1638 2274 1788 2363 vineis,

407 2430 409 2435 ·
523 2383 598 2459 viis
621 2378 660 2456 δι
677 2379 810 2465 inviis,
837 2374 997 2451 exitibus
1016 2373 1056 2451 ἀ
1086 2374 1288 2461 reditibus,
1314 2372 1527 2471 quaeritis&
1540 2374 1787 2472 inquirendis,

455 2492 457 2501 ’
525 2480 725 2569 mobilibus
738 2476 1065 2564 &immobilibus‚
1091 2476 1336 2573 omnibusque
1351 2476 1461 2551 rebus
1483 2476 1531 2550 ad
1545 2476 1696 2573 easdem
1715 2476 1788 2553 hu·

528 2584 598 2661 bas
612 2580 680 2654 rite
697 2600 740 2653 ac
749 2576 914 2672 legitime
921 2576 1197 2675 pertinentibus,
1212 2575 1250 2653 dt
1264 2576 1609 2673 singulariterillam
1621 2578 1789 2667 insulam,

523 2702 612 2780 quae
623 2678 723 2776 jacet
735 2679 833 2755 ultra
847 2676 990 2766 Renum,
1004 2678 1167 2755 dividere
1180 2679 1220 2753 in
1236 2679 1411 2755 medium.
1463 2678 1515 2755 Et
1524 2677 1692 2775 julsunus
1704 2680 1790 2757 inde

441 2790 444 2800 ’
527 2782 600 2861 boc
620 2780 747 2858 nostrae
762 2778 1001 2883 austeritatis,
1018 2778 1099 2863 liert
1112 2794 1362 2880 praeceptum,
1386 2801 1453 2878 per
1470 2782 1573 2879 quod
1596 2785 1789 2872 volumus,
1859 2865 1868 2875 ,

528 2882 758 2981 firmiterque
775 2880 974 2977 jubemus,
1000 2894 1043 2957 ut
1056 2881 1212 2957 liberam
1232 2896 1357 2961 teneat
1371 2880 1587 2981 potestatem
1610 2885 1790 2981 habendi,

527 2984 706 3072 donandi,
733 2982 933 3070 vendendi,
957 2982 1237 3071 commutandi,
1263 2980 1327 3059 seu
1340 2982 1511 3081 quicquid
1525 3008 1573 3057 cx
1585 2985 1649 3059 his
1661 2987 1792 3061 volue-

528 3088 578 3163 rit
600 3085 739 3172 facere,
765 3085 867 3158 nullo
893 3105 1074 3181 umquam
1097 3082 1289 3159 successore
1314 3085 1432 3159 nostro
1451 3083 1545 3158 hanc
1576 3086 1789 3161 donationis

436 3232 439 3242 ·
529 3186 660 3263 nostrae
677 3186 928 3261 austeritatem
941 3184 1190 3283 irmmpente‚
1217 3184 1278 3259 sed
1301 3185 1381 3259 Deo
1401 3184 1598 3261 auxiliante
1612 3184 1722 3261 lirma
1746 3185 1789 3263 dt

527 3286 667 3363 stabilis
681 3298 904 3385 permaneat
959 3286 1011 3361 Et
1022 3299 1066 3361 ut
1077 3286 1143 3361 illa
1165 3286 1366 3384 pleniorem
1380 3286 1419 3362 in
1439 3285 1508 3363 Dei
1521 3286 1666 3362 nomine
1691 3288 1792 3365 obti-

528 3399 617 3465 neat
629 3386 880 3474 stabilitatem,
894 3408 1006 3462 manu
1022 3387 1168 3485 propria
1181 3409 1264 3463 eam
1277 3387 1509 3464 firmavimus
1522 3390 1704 3485 anuloque
1721 3414 1791 3465 no-

526 3488 598 3563 stro
614 3486 762 3583 figillari
777 3484 947 3579 iussimus.
998 3486 1180 3586 Aspertus
1192 3490 1436 3565 cancellarius
1447 3491 1497 3565 ad
1520 3491 1638 3565 vioem
1649 3490 1791 3568 Theot-

361 3621 397 3686 3.
409 3598 494 3695 lob,
527 3589 622 3667 mari
637 3586 919 3687 archicapellani
934 3589 1143 3683 recognovi.
1180 3590 1296 3673 Data
1308 3592 1343 3669 V
1356 3613 1474 3667 nonas
1487 3590 1595 3690 Julii,
1620 3614 1718 3668 anno
1734 3593 1792 3669 in·

381 3696 456 3765 888·
526 3689 748 3769 carnationis
773 3687 923 3765 Domini
937 3688 1312 3780 DCCCLXXXVIII,
1338 3691 1531 3767 indifflone
1545 3694 1609 3782 vl,
1623 3714 1793 3769 annote-

531 3792 595 3888 gni
620 3788 763 3867 Arnolli
788 3787 1042 3889 piilbmiregis
1056 3790 1085 3868 1.
1137 3788 1275 3869 Anna
1304 3790 1558 3889 Franconosurt
1576 3794 1617 3871 in
1641 3794 1713 3870 Dei
1725 3818 1793 3871 no·

392 3898 397 3908 '
526 3892 627 3973 mine
641 3890 796 3969 feliciter
809 3912 934 3971 amen,
1443 3921 1447 3927 =
