4000 5417
561 481 618 539 rrr
646 482 771 537 anco
796 458 1210 538 Lononuuaus1.'
1270 477 1275 484 ·
1425 482 1501 562 379

231 629 406 659 -n-—r
942 628 1498 650 n———n———n—-n-

759 760 968 856 CCCXV.

287 896 468 995 Duratio
495 890 738 1009 Erkanfrr'dr‘
756 894 808 993 ss
842 894 912 986 W
904 893 1070 981 altrudis
1097 890 1280 1007 conjugis
1295 895 1381 1007 rjus
1400 891 1445 981 so
1568 865 1572 869 Α
1711 895 1713 902 '

684 1003 1045 1123 Harrffculresbeim.

109 1222 113 1231 »
230 1175 365 1314 Anno
383 1172 454 1254 XV
468 1172 570 1272 regni
584 1172 725 1249 domini
740 1172 848 1249 nostri
862 1174 989 1250 Karoli
1002 1172 1129 1273 magni
1147 1172 1287 1271 gloriosi
1298 1170 1413 1270 regis,
1427 1195 1544 1271 ego.
1623 1208 1627 1215 ·

319 1276 509 1353 Erkansrit
523 1276 562 1353 dt
576 1273 712 1371 conjux
733 1297 820 1351 mea
844 1276 1023 1355 Weldrud
1043 1278 1226 1353 donamus
1250 1299 1316 1375 pro
1336 1277 1498 1353 remedio

231 1382 366 1458 animae
379 1376 509 1456 nostrae
522 1380 570 1454 ad
587 1377 748 1455 santium
764 1376 895 1453 Christi
906 1392 1108 1475 martyrem
1134 1377 1347 1467 Nazarium,
1362 1379 1427 1477 qui
1439 1400 1498 1453 re·

230 1480 384 1581 quiescit
399 1478 684 1580 corporaliterin
696 1503 792 1579 pago
819 1477 984 1571 Rinensr,
1011 1480 1049 1556 in
1059 1479 1296 1568 monasterio,
1322 1480 1419 1579 quod
1431 1504 1496 1556 vo-

230 1598 335 1661 catur
360 1582 610 1670 Lauresham‚
636 1580 741 1681 super
766 1581 921 1657 fluvium
947 1578 1108 1662 Wilscoz‘
1129 1580 1213 1670 srto,
1239 1581 1299 1657 vel
1323 1583 1370 1657 ad
1388 1580 1498 1657 illam

229 1686 389 1781 santiam
403 1684 724 1780 congregationem
739 1681 1033 1769 monachorum,
1058 1706 1141 1779 quae
1154 1684 1290 1757 ibidem
1315 1682 1496 1760 deservire

229 1788 385 1873 videtur,
402 1785 465 1861 ubi
480 1786 538 1877 vir
552 1784 772 1861 venerabilis
797 1784 1063 1860 Gundelandus
1080 1783 1175 1859 abba
1188 1782 1332 1881 praeesse
1346 1783 1498 1857 dinosci-

231 1900 311 1974 tur,
337 1886 586 1984 donatumque
602 1888 872 1985 inperpetuum
886 1885 954 1961 elle
970 1885 1143 1961 volumus
1159 1938 1168 1971 ,
1184 1884 1223 1960 dt
1236 1883 1498 1983 promptilbma

230 1989 423 2063 voluntate
438 1986 717 2075 confirmamuS,
732 1989 802 2063 boc
818 1986 880 2075 est,
897 1988 936 2061 in
952 2010 1048 2086 pago
1062 1984 1307 2061 Lubidunensr
1321 1986 1359 2060 in
1380 1988 1498 2059 Hanc·

224 2086 428 2187 scahnhrim
454 2111 604 2164 omnem
627 2111 707 2163 rem
730 2090 962 2188 proprietatis
977 2086 1133 2175 nostrae,
1157 2088 1196 2162 in
1210 2086 1370 2175 mansis,
1396 2110 1498 2162 cam·

231 2190 305 2289 Pis,
321 2190 456 2287 pratis,
471 2189 605 2287 perviis
620 2190 746 2278 terris,
762 2190 898 2289 perviis
913 2188 1031 2277 srlvis,
1049 2188 1184 2275 vineis,
1210 2188 1392 2276 domibus
1408 2188 1498 2267 aedi.
1521 2219 1525 2227 ι
1646 2202 1648 2206 ’

231 2290 340 2378 ficiis,
367 2311 452 2366 curn
466 2288 651 2385 adjunctis
669 2288 909 2385 adjacentiis,
937 2292 1068 2387 aquis,
1095 2311 1323 2387 aquarumve
1343 2290 1498 2365 decursi·

229 2389 299 2467 bus
313 2390 362 2466 ad
381 2392 593 2487 integrum,
618 2393 783 2490 exceptis
808 2393 877 2468 llll
894 2388 1030 2485 jurnal.
1057 2390 1103 2467 de
1119 2404 1240 2480 terra,
1266 2389 1329 2487 &j
1346 2392 1497 2469 viniola.

230 2492 406 2569 Similiter
420 2492 460 2567 in
484 2494 676 2593 Austringu
699 2494 849 2593 inpage
875 2490 1096 2589 Cirrhguuui
1107 2493 1313 2591 portionem
1337 2492 1498 2568 nostram
1615 2572 1618 2577 ,

230 2596 279 2671 ad
299 2594 483 2689 integrum
505 2594 654 2683 manso,
681 2594 849 2694 campis,
875 2595 1014 2694 pratis,
1039 2594 1193 2694 perviis,
1220 2594 1337 2682 silvis,
1363 2592 1496 2691 aquis,

205 2718 460 2791 «aquarumve
494 2696 714 2772 decursibus.
768 2695 947 2773 Similiter
970 2694 1011 2773 δι
1029 2697 1069 2771 in
1092 2695 1312 2772 Sirthanbn‘m
1326 2696 1364 2771 in
1389 2694 1497 2769 Lobo-

86 2848 89 2853 -
231 2797 424 2887 dungowr,
448 2792 488 2868 dt
503 2795 542 2871 in
571 2797 791 2897 Uluiuishrim
817 2812 897 2874 tam
917 2798 1077 2886 mansis,
1103 2822 1215 2895 quam
1237 2798 1369 2885 terris,
1394 2820 1496 2872 cam-

27 2948 32 2959 .
78 2980 114 2995 ¹¹
161 2976 177 3011 ι
233 2894 311 2993 pis,
336 2892 468 2988 pratis,
493 2892 653 2986 pascuis,
669 2897 822 2990 perviis,
849 2898 972 2992 aquis,
986 2919 1212 2993 aquarumve
1226 2899 1432 2975 decursibus
1446 2898 1497 2973 ad

233 2996 444 3088 integrum,
470 3003 793 3090 quantumcunque
809 3018 878 3091 ego
903 2997 1100 3074 Erkansrid
1112 2998 1259 3096 conjugi
1274 3023 1368 3093 meae
1393 3000 1497 3080 Wel-

234 3096 355 3173 trudae
370 3113 436 3192 per
448 3090 543 3179 dotis
556 3091 709 3168 titulum
724 3098 953 3189 condonavi,
979 3101 1104 3176 omnia
1117 3102 1198 3181 haec
1221 3101 1382 3203 superius
1394 3126 1496 3179 com·

233 3194 410 3299 prehensa
426 3217 449 3270 a
462 3192 523 3269 die
536 3192 711 3292 praesente
736 3200 1068 3296 paritertradimus
1081 3218 1192 3301 atque
1203 3204 1497 3281 transfundimus

234 3300 274 3375 in
300 3297 370 3373 Dei
390 3296 538 3372 nomine
563 3300 820 3395 perpetualiter
841 3304 889 3379 ad
913 3302 1184 3401 polluendum,
1209 3306 1281 3395 ita,
1294 3307 1397 3383 utab
1422 3306 1496 3379 hac
1523 3382 1526 3385 ,

235 3400 295 3475 die
308 3399 478 3476 habeatis
491 3396 705 3498 potestatem
719 3402 852 3478 exinde
865 3406 1004 3493 facere,
1029 3407 1207 3504 quidquid
1219 3407 1419 3483 volueritis.
1452 3402 1497 3479 Si

237 3500 320 3597 quis
334 3524 422 3575 vero
436 3556 446 3589 ‚
459 3532 460 3537 Ν
473 3502 571 3598 quod
583 3522 773 3597 nunqnam
787 3503 865 3580 lieri
878 3506 1074 3593 credimus,
1099 3520 1226 3581 contra
1240 3508 1337 3582 banc
1354 3504 1497 3580 donati-

238 3622 349 3675 onem
373 3602 500 3678 venire
521 3604 780 3703 temptaverit,
806 3618 895 3680 tunc
913 3607 1050 3682 inserat
1070 3608 1120 3681 ad
1141 3607 1256 3703 ipsum
1269 3611 1393 3682 locum
1418 3607 1498 3683 san·

239 3700 339 3777 stum
360 3702 512 3800 duplam
527 3706 740 3802 pecuniam,
765 3706 836 3782 hoc
853 3704 915 3793 est,
930 3708 1010 3783 auri
1025 3708 1152 3783 uncias
1165 3703 1218 3801 jjj,
1243 3708 1384 3803 argenti
1409 3733 1499 3808 pon-

107 3824 111 3837 ·
240 3802 330 3877 dera
338 3800 396 3898 jjjj
421 3804 541 3879 multa
554 3806 744 3897 sustineat,
770 3807 808 3886 dt
822 3822 972 3897 tamen,
998 3808 1098 3907 quod
1111 3808 1258 3906 repetit,
1284 3810 1500 3888 evendicare

239 3928 315 3979 non
330 3904 479 3991 valeat,
504 3904 562 3981 sed
575 3909 734 4006 praesens
748 3908 814 3985 ista
828 3911 976 3987 donatio
1001 3910 1104 3985 omni
1119 3924 1283 4009 tempore
1297 3912 1402 3987 firma
1419 3934 1501 4015 per·

146 4161 148 4165 ,
239 4018 391 4147 maneat
422 4003 583 4107 stipulat,
608 4008 771 4097 subnixa.
822 4011 1021 4197 §spupizin
1045 4010 1263 4093 monasterio
1287 4014 1501 4197 Lmrpplslliem
