4000 5417
432 773 438 790 ’
547 759 653 866 dio,
671 791 819 877 aquo,
848 787 897 852 ut
914 763 1060 876 ajunt,
1089 763 1277 881 proceffit
1304 762 1439 849 adhuc
1462 791 1713 880 permanens
1741 767 1820 864 im·

577 873 713 962 erialis
740 875 939 995 prosapia.
997 877 1112 965 Nam
1149 876 1368 965 Cumadus
1393 881 1537 992 genuit
1565 877 1818 963 Heinricum

548 903 640 1092 ill,
651 991 877 1078 Heinricus
894 994 997 1076 item
1012 989 1262 1078 Heinricum
1278 989 1370 1090 llll,
1399 991 1625 1076 Heinricus
1643 1017 1815 1104 quoque

549 1103 797 1190 Heinricum
814 1104 855 1196 V
883 1109 1157 1218 imperatores
1186 1103 1425 1218 (a)Spirae
1442 1101 1482 1188 se
1512 1099 1647 1199 ultos3
1675 1104 1712 1189 F
1714 1104 1817 1188 ride-

549 1219 660 1302 riuus
678 1215 769 1302 dux
786 1246 844 1303 ex
870 1215 1011 1304 sorore
1046 1215 1236 1304 Heinrici
1258 1216 1299 1307 V
1328 1131 1571 1304 cunradum
1599 1243 1744 1329 regem
1770 1215 1817 1303 δι

548 1329 586 1417 F
587 1330 809 1415 ridericum
827 1329 866 1419 II
895 1332 1066 1432 ducem,
1093 1329 1130 1416 F
1131 1328 1332 1416 ridericus
1360 1328 1400 1417 ll
1434 1327 1527 1415 dux
1550 1329 1586 1415 F
1587 1329 1836 1414 ridericumv

452 1504 457 1514 .
548 1443 858 1556 imperatorem.
914 1446 1028 1533 Inter
1052 1441 1130 1527 hos
1157 1469 1309 1527 omnes
1343 1463 1510 1528 tantum
1536 1441 1701 1528 medius
1728 1464 1817 1528 erat

417 1651 419 1656 ,
548 1554 775 1642 Lotharius
801 1559 1055 1672 imperator,
1084 1565 1169 1639 non
1195 1554 1346 1665 hujus,
1372 1551 1442 1640 led
1467 1553 1670 1643 Saxonici
1697 1583 1816 1668 gene·
1899 1603 1906 1614 ·

550 1670 622 1752 ris.
676 1667 762 1754 Hic
786 1672 927 1782 itaque
946 1667 1166 1758 Cnnradus
1197 1663 1415 1780 secundus
1429 1695 1508 1754 rex
1536 1688 1687 1782 rogatu
1713 1697 1815 1784 prae-

548 1777 624 1866 fati
645 1779 893 1894 Reginbaldi
928 1783 1091 1867 abbatis
1116 1780 1287 1867 tradidit
1312 1777 1450 1868 sandio
1478 1781 1665 1869 Nazario
1690 1809 1814 1868 omne

528 1887 667 1991 =suum
683 1891 825 2008 regale
838 1897 907 2005 jus
933 1898 976 1981 in
992 1895 1209 2008 mancipiis
1233 1898 1276 1979 in
1304 1891 1500 1986 Gannita.
1564 1957 1568 1965 -

1030 2125 1333 2220 LXXXXVI.

360 2298 505 2452 {gall
547 2269 755 2388 Cauradi*
774 2299 1053 2416 regissecuadi
1070 2302 1116 2386 de
1134 2297 1342 2415 mancipiis
1348 2298 1422 2415 sai
1430 2297 1541 2414 juris
1556 2298 1598 2384 in
1615 2298 1817 2414 Guanita.
1856 2365 1862 2372 -

572 2490 598 2540 n
614 2464 761 2541 nomine
778 2465 963 2556 santiae&
979 2466 1180 2545 individuae
1194 2467 1395 2544 Trinitatis.
1449 2467 1820 2555 Cunnnnus'divina

598 2566 746 2642 favente
772 2568 967 2643 clementia
993 2591 1069 2668 rex.
1119 2569 1163 2646 Si
1174 2565 1262 2665 jura
1283 2570 1391 2646 nobis
1415 2568 1533 2664 regali
1558 2570 1724 2668 potentia
1741 2571 1820 2646 col·

438 2753 441 2758 ,
546 2667 624 2743 lata
645 2667 804 2744 ecclesiis
832 2669 901 2744 Dei
922 2669 1094 2746 benivola
1118 2672 1311 2748 devotione
1326 2672 1591 2758 concedimus,
1617 2673 1723 2748 nobis
1742 2673 1819 2769 ¹hoc

540 2771 711 2846 maxime
725 2771 774 2846 ad
795 2769 931 2846 statum
957 2774 1061 2868 regni
1074 2771 1113 2848 dt
1127 2773 1178 2852 ad
1203 2775 1409 2849 remedium
1425 2774 1562 2849 animae
1588 2772 1717 2872 nostrae
1736 2797 1817 2872 pro-

545 2873 712 2948 futurum
741 2872 972 2948 confidimus
1027 2877 1256 2974 Quapropter
1288 2875 1432 2950 noverit
1471 2875 1641 2952 omnium
1675 2875 1816 2964 Christi,

546 2973 725 3072 nostrique
747 2975 911 3050 fidelium
938 2989 1016 3051 tarn
1032 2977 1192 3076 praesens
1207 2992 1324 3066 aetna,
1351 2995 1463 3074 quarn
1477 2975 1515 3053 &
1529 2975 1732 3053 succellura
1752 2996 1818 3076 'po-

540 3075 706 3173 ,steritam
719 3079 892 3174 ,qualiter
914 3101 980 3152 nos
1007 3079 1218 3173 interventu
1240 3103 1282 3154 ac
1308 3079 1484 3178 petitione
1511 3079 1705 3166 Grssrra,
1731 3102 1817 3170 con-

547 3174 646 3272 jugis
672 3177 799 3254 nostrae
825 3178 1057 3257 dilettiffimae
1089 3180 1262 3255 videlicet
1290 3181 1450 3276 reginae,
1483 3203 1551 3255 nee
1572 3205 1645 3256 non
1669 3181 1715 3255 ob
1737 3178 1818 3254 alli-

529 3285 531 3288 ’
548 3278 666 3354 duum
681 3331 691 3368 ,
717 3277 897 3376 fideleque
913 3282 1100 3358 servitium
1113 3281 1335 3377 Reginbaldi
1350 3281 1492 3358 abbatis
1507 3305 1616 3357 omne
1622 3280 1699 3376 jus,
1715 3282 1820 3378 quod

548 3379 595 3455 ad
611 3381 768 3457 nostram
780 3385 944 3477 regalem
958 3383 1102 3481 respicit
1126 3405 1282 3459 manum
1305 3384 1342 3458 in
1367 3383 1582 3483 mancipiis,
1607 3382 1654 3456 ad
1667 3397 1824 3462 curtem

519 3483 709 3576 ,Gonnita
725 3484 1016 3582 pertinentibus,
1043 3484 1379 3561 Laurishammensr
1413 3484 1647 3572 monasterio,
1674 3485 1716 3560 in
1747 3485 1825 3570 hoe

547 3607 635 3660 nore
652 3583 761 3661 santii
788 3586 937 3662 Nazarii
958 3587 1136 3684 martyris
1149 3587 1377 3676 construiio,
1404 3589 1464 3663 cui
1478 3590 1577 3664 idem
1596 3587 1829 3664 venerabilis

543 3685 663 3764 vabbas
686 3685 879 3786 praesidet,
905 3690 1011 3785 larga
1030 3689 1228 3766 donatione
1249 3687 1511 3784 conceffimus;
1537 3714 1582 3768 ea
1599 3689 1736 3765 scilicet
1761 3713 1830 3766 ra-

547 3787 671 3878 tione,
699 3803 742 3866 ut
756 3790 882 3866 nullus
907 3814 1059 3882 comes,
1085 3793 1320 3883 vicecomes,
1346 3805 1413 3873 aut
1433 3791 1509 3868 alia
1523 3792 1702 3892 quaelibet
1722 3789 1831 3888 judi-

1681 3918 1775 3970 cum

586 4043 657 4128 (a)
678 4043 810 4108 Numeri
832 4045 865 4108 hi
885 4045 1094 4116 Hearicorum
1109 4043 1146 4112 δι
1172 4047 1320 4114 Friderici
1345 4046 1435 4112 ducis
1450 4044 1542 4128 supra
1560 4066 1677 4115 eorum
1689 4048 1834 4112 nomina

535 4130 540 4140 '
627 4128 731 4214 scripti
752 4131 843 4210 sunt,
866 4139 953 4196 extra
969 4143 1154 4200 contextum
1170 4135 1211 4200 ab
1229 4135 1291 4204 alia
1312 4135 1450 4234 quadam
1470 4148 1579 4200 manu.
