4000 5417
506 464 584 539 ¹⁹4
905 428 1090 515 Canon.
1116 456 1180 515 nr
1206 434 1423 517 Cannu

398 810 401 819 Α
530 743 647 831 tione,
672 752 716 819 ut
728 740 776 817 ad
790 738 1066 838 hostilemque
1081 740 1279 821 strumen
1289 742 1328 817 in
1341 747 1468 821 monte
1482 692 1805 824 nominatoAbra·
1873 717 1881 724 ”

359 838 386 907 ι’
531 846 597 921 aaa
616 868 732 931 mons,
758 842 954 920 inhonore
980 843 1089 919 leniti
1115 843 1311 921 Michaelis
1343 845 1582 941 archangeli,
1609 847 1802 925 servitium

534 944 678 1021 constet.
730 944 824 1021 Haec
840 944 966 1021 omnia
980 943 1143 1045 superius
1156 944 1528 1045 comprehensaadie
1549 950 1727 1047 praesente
1750 950 1801 1024 de

529 1042 614 1145 jure
628 1068 711 1121 meo
733 1042 843 1141 injus
869 1045 1127 1123 &dominium
1141 1046 1250 1123 santii
1277 1044 1426 1122 Nazarii
1440 1050 1567 1138 dono,
1602 1049 1708 1126 trado
1739 1062 1800 1125 at·

533 1168 606 1245 que
621 1146 835 1225 transfundo
856 1149 895 1223 in
920 1149 989 1223 Dei
1010 1148 1159 1243 nomine
1184 1149 1445 1248 perpetualiter
1458 1150 1508 1225 ad
1531 1150 1800 1249 polhdendum,

531 1250 598 1338 ita,
613 1250 729 1325 utab
750 1246 823 1325 hac
847 1249 906 1325 die
923 1246 1006 1345 jure
1030 1248 1199 1326 habeatis
1214 1249 1399 1339 habendi,
1424 1252 1604 1339 donandi,
1630 1274 1801 1328 commu·

426 1436 429 1449 ¹
531 1351 660 1440 tandi,
686 1352 746 1425 vel
766 1350 944 1448 quicquid
969 1350 1105 1425 exinde
1126 1351 1248 1427 lacere
1264 1350 1479 1441 volueritis,
1503 1353 1659 1429 liberam
1673 1375 1717 1429 ac
1736 1351 1802 1427 fir·

501 1482 505 1489 ’
532 1451 728 1529 milhmam
752 1450 791 1527 in
815 1452 986 1529 omnibus
1006 1452 1175 1529 habeatis
1204 1450 1446 1553 potestatem,
1476 1452 1516 1530 nr
1540 1453 1623 1533 hac
1647 1454 1801 1531 donatio

533 1554 635 1629 omni
658 1568 822 1653 ternpore
845 1552 1013 1631 firma&
1038 1550 1175 1630 stabilis
1199 1571 1443 1654 pennaneat,
1469 1552 1698 1654 ffipulatione
1715 1554 1801 1649 sub·

390 1733 399 1755 ‚
471 1735 481 1757 ‚
532 1656 633 1732 nixa‘.
685 1653 822 1731 Atium
836 1656 876 1731 in
891 1653 1111 1731 monasterio
1129 1654 1354 1744 harabam,
1368 1656 1432 1733 sub
1445 1656 1505 1731 die
1520 1658 1572 1737 VI
1588 1658 1671 1732 idus
1684 1657 1800 1757 Janu·

453 1820 464 1843 .
534 1756 621 1845 arii,
647 1778 744 1831 anno
763 1754 833 1832 llll
858 1771 1035 1853 regnante
1060 1754 1258 1833 Annorro
1280 1778 1378 1851 rege.
1429 1756 1586 1853 Signum
1618 1756 1801 1835 Gerhardi

319 2496 521 2575 *Dedl‘reh

534 1858 679 1935 abbatis
711 1854 749 1933 δι
775 1858 971 1954 Herigeri,
1004 1857 1068 1955 qui
1090 1857 1188 1933 hanc
1214 1857 1451 1938 traditionem
1470 1858 1551 1933 lieri
1589 1857 1629 1937 ἃ
1657 1857 1800 1935 lirmari
1848 1846 1861 1859 ⁵

531 1960 690 2057 rogavit.
717 1956 875 2057 Signum
898 1957 991 2037 Husr
1008 1959 1197 2059 presbiteri
1219 1957 1258 2036 δι
1277 1960 1461 2035 monachi.
1485 1959 1523 2036 S’
1577 1982 1643 2039 um
1667 1962 1799 2058 Engil·

532 2062 627 2140 berti
640 2058 679 2137 dr
694 2060 862 2137 aliorum.
913 2062 995 2157 Ego
1012 2062 1138 2157 itaque
1164 2058 1291 2138 Chazo
1305 2061 1479 2157 indignus
1495 2060 1535 2139 lu
1585 2062 1733 2139 'acodus
1756 2061 1800 2140 dt
1851 2074 1859 2087 ”

530 2162 739 2341 pnonachus
752 2163 849 2241 hanc
872 2162 1111 2241 traditionem
1125 2160 1295 2266 depiruri,
1319 2162 1544 2263 diemque&
1558 2176 1728 2264 tempus,
1752 2176 1801 2242 ut

548 2288 657 2367 upra,
671 2264 812 2343 notavi.

533 2438 725 2641 Anno*
739 2466 977 2557 Dominicae
1005 2468 1336 2555 incarnationis.
1366 2529 1378 2553 .
1406 2529 1419 2553 .
1446 2462 1656 2556 Dehmao
1692 2467 1801 2560 Ger·
1930 2464 1933 2468 ’

641 2576 772 2668 hardo
788 2580 957 2683 abbate,
975 2576 1174 2667 fratribus
1192 2578 1380 2692 ejusdem
1395 2579 1632 2676 monasterii
1648 2581 1800 2715 dequi·
1880 2630 1890 2643 ·
1946 2662 1950 2668 ,

533 2690 711 2779 busdam
738 2684 967 2825 insolentiis
1000 2691 1113 2808 apud
1140 2690 1395 2794 Arnolfum,
1426 2693 1509 2824 'am
1535 2713 1637 2781 tune
1670 2720 1801 2827 impe·

534 2826 748 2907 retorem,
777 2800 977 2891 aecusatrs
995 2867 1007 2907 ,
1037 2805 1082 2891 dr
1100 2806 1155 2892 ob
1175 2804 1257 2891 hoe
1271 2807 1324 2891 ab
1341 2802 1379 2889 el
1460 2833 1542 2890 one
1558 2808 1719 2894 abbatis
1736 2834 1799 2892 m·

533 2918 658 3004 terim
685 2912 908 3031 suspensis,
936 2914 1146 3005 Adelbero
1175 2916 1438 3031 Augustensrs
1460 2913 1707 3049 episcopus,
1730 2920 1798 3007 vir

469 3026 472 3041 '
532 3054 698 3143 magnae
715 3032 758 3114 in
785 3026 946 3117 Christo
972 3030 1192 3142 gravitafls
1218 3029 1263 3117 ἃ
1287 3050 1560 3130 reverennae,
1597 3026 1798 3143 dispensa·

427 3204 433 3212 -
534 3144 642 3228 torie
668 3168 745 3257 per
760 3142 1058 3255 imperatorem
1075 3142 1231 3228 ibidem
1254 3142 1500 3242 instituitur,
1526 3143 1601 3253 qui
1616 3140 1705 3257 post
1724 3168 1798 3227 an-

534 3280 613 3341 nos
629 3253 813 3366 quinque
840 3250 1052 3368 religionis
1078 3255 1224 3368 vigore
1259 3253 1359 3343 dieti
1384 3252 1614 3341 monasterii
1649 3280 1798 3339 curam

383 3461 386 3478 ¹
534 3362 647 3453 ultro
675 3364 920 3479 resignavit,
954 3364 1237 3479 fratribusque
1261 3363 1437 3481 eligendi
1473 3367 1631 3454 abbatis
1668 3365 1799 3481 pristi-
1838 3439 1841 3445 .

522 3504 634 3564 narn
648 3474 884 3567 libertatem
899 3474 1103 3597 imperiali
1119 3477 1364 3658 authoritate
1372 3479 1680 3599 redintegravit,
1697 3502 1801 3593 quoe

532 3586 630 3682 ralis
658 3588 728 3681 est.

1648 4044 1746 4147 m
1786 4022 1795 4033 ,
