4000 5417
564 475 621 533 ιη
648 468 774 531 enno
800 452 1180 531 Louonuunusr.
1320 482 1326 491 ’
1422 459 1499 551 395
1540 476 1547 485 ’

224 757 441 835 munasterio
466 756 680 833 miratam
701 756 753 835 VI
777 758 956 834 kalendas
982 753 1136 841 Martii,
1162 776 1259 829 anno
1278 774 1354 849 quo
1377 750 1495 850 supra.
1526 778 1580 845 24,
1593 756 1685 839 rea,

223 862 381 955 Signum
395 859 555 957 Huperti
570 857 610 936 dr
636 858 861 936 Inninlindis
877 855 1047 953 conjugis
1061 853 1166 951 ejus,
1192 855 1258 951 qui
1272 854 1370 931 hanc
1384 853 1498 931 dona·
1620 951 1626 961 Ι

224 962 365 1037 tionem
389 961 581 1049 iecerunt,
607 959 749 1056 signum
775 958 997 1037 Leutrati&
1021 955 1226 1037 Bernwini.
1259 957 1341 1055 Ego
1354 954 1498 1036 Rudol·
1540 1033 1543 1046 ,

223 1062 286 1139 fus
300 1060 420 1161 scripti
432 1072 584 1159 rogatus
597 1061 637 1138 dt
660 1061 857 1161 subscripsi,

683 1208 1017 1353 cccxxxix.
1166 1221 1177 1239 “

222 1386 789 1517 Dmutioffiermosr'nrndem
806 1391 1013 1483 villanum
1027 1388 1181 1485 XIIII
1192 1390 1498 1507 Karolt'magm'.

175 1544 194 1571 ⁴
223 1568 325 1697 Ego
339 1558 377 1635 in
404 1558 473 1637 Dei
490 1559 639 1637 nomine
664 1560 842 1636 Hiermos
857 1577 923 1658 pro
950 1558 1111 1635 remedio
1126 1557 1263 1638 animae
1276 1582 1373 1638 meae
1397 1561 1497 1636 dono

246 1702 249 1711 v
304 1663 351 1738 ad
366 1661 529 1737 santium
556 1674 761 1758 martyrem
784 1659 1017 1748 Nazaritun,
1043 1660 1109 1757 qui
1134 1660 1322 1757 requiescit
1352 1663 1392 1737 in
1414 1682 1497 1737 cor·
1560 1750 1564 1756 p

225 1783 313 1861 pore
338 1764 377 1837 in
391 1786 489 1861 pago
513 1761 686 1852 Rinensr‚
711 1763 753 1837 in
777 1759 1021 1848 monasterio,
1046 1761 1146 1858 quod
1159 1774 1313 1837 vocatur
1338 1765 1496 1839 Lauros-

223 1851 327 1949 ham,
344 1863 448 1961 super
461 1862 616 1939 fluvium
631 1862 790 1945 Wiiscoz
805 1863 890 1949 fito,
917 1862 979 1939 ubi
993 1864 1050 1937 vir
1065 1861 1284 1937 venerabilis
1309 1864 1499 1939 Helmerid

223 1984 292 2036 cns
308 1965 404 2039 abba
415 1962 563 2062 praeeiie
578 1965 741 2055 videtur,
768 1966 1020 2061 donatumque
1033 1964 1073 2038 in
1086 1975 1302 2062 perpetuum
1314 1963 1383 2039 effe
1397 1965 1495 2053 vulo,

224 2061 297 2139 hoc
323 2064 385 2153 est,
411 2063 592 2162 vineamj
619 2066 660 2143 in
684 2058 1012 2163 ministerialium,
1045 2063 1086 2140 dt
1111 2063 1151 2139 in
1174 2062 1391 2160 Menaingun
1414 2086 1495 2162 xm]

220 2160 357 2259 jumaL
374 2167 421 2243 de
448 2180 545 2243 terra
559 2167 691 2243 arabili
712 2166 818 2267 adie
842 2162 1018 2265 presente
1032 2165 1072 2242 dt
1094 2165 1289 2264 deinceps,
1313 2167 1422 2243 itaut
1446 2168 1495 2243 ad

221 2264 234 2338 i
263 2265 342 2341 sum
357 2267 482 2341 locum
495 2266 656 2343 fandum
672 2270 733 2346 vel
750 2268 798 2343 ad
813 2282 966 2363 agentes
990 2264 1103 2365 ipsius
1115 2267 1218 2342 omni
1232 2279 1397 2366 tempore
1410 2289 1494 2366 pro·

247 2366 322 2443 ciat
338 2367 377 2443 in
403 2367 614 2462 augmentis
630 2357 864 2467 stipulatidne
890 2366 1058 2443 subnixa.
1110 2366 1249 2443 Atrum
1262 2369 1302 2443 in
1316 2368 1498 2445 monaste·

219 2468 275 2541 rio
300 2468 526 2545 Lmucsham.
554 2469 714 2567 Signum
729 2468 927 2562 Hiemps,
942 2469 1007 2569 qui
1020 2468 1371 2577 hancdunationem
1392 2470 1495 2549 fecit

218 2568 418 2649 Donadeus
444 2568 593 2670 scripsit.
1097 2642 1102 2650 .

765 2670 976 2769 CCCXL.
1099 2697 1107 2723 Χ

244 2794 425 2885 Duratio
452 2796 683 2889 Adalhardi
700 2801 880 2888 incudem
901 2800 1018 2902 uilla,
1046 2828 1149 2890 anno
1157 2800 1258 2893 XV
1264 2798 1382 2914 mgni
1398 2800 1465 2887 do·
1538 2765 1542 2780 ¹

638 2910 738 2999 mim‘
765 2910 887 3021 nostri
913 2913 1073 3002 Karali.

219 3068 401 3221 Domino
413 3068 533 3151 nostro
558 3072 697 3150 Karolo
712 3096 850 3173 magno
874 3075 981 3174 regni
995 3077 1245 3174 gubemacrda
1260 3078 1490 3171 moderante,

300 3200 371 3275 ego
384 3175 627 3253 Adalhardus
640 3198 707 3275 pro
723 3180 886 3255 remedio
901 3179 1038 3257 anirnae
1052 3202 1147 3259 meae
1161 3180 1202 3257 dt
1227 3181 1403 3277 genitoris
1415 3183 1491 3257 mei

219 3277 436 3368 clanbem,
462 3278 560 3355 dono
584 3278 632 3353 ad
657 3276 818 3355 fandum
841 3282 910 3357 Dei
932 3294 1139 3379 martyrem
1165 3282 1391 3369 Nazarium,
1423 3282 1489 3378 qui

218 3380 410 3479 requiescit
433 3381 583 3478 inpage
610 3376 770 3468 Rinenfi‚
785 3381 824 3457 in
838 3382 1076 3473 monasterio,
1102 3386 1200 3482 quod
1212 3396 1367 3459 vocatur
1391 3383 1490 3456 Lau·

218 3482 388 3571 resham,
416 3480 689 3581 superfluvium
714 3477 781 3555 fito
794 3482 970 3571 Wiffcoz,
996 3484 1062 3559 ubi
1076 3486 1134 3561 vir
1147 3482 1368 3559 venerabilis
1383 3482 1489 3557 Gun-

218 3573 399 3657 delandus
414 3582 509 3659 abba
521 3581 666 3683 praeeffe
680 3580 844 3672 videtur,
870 3586 1122 3679 donatumque
1136 3584 1174 3657 in
1188 3596 1405 3681 perpetuum
1418 3580 1489 3657 effe

218 3684 331 3769 volo,
357 3682 428 3763 hnc
444 3684 511 3771 est,
526 3684 567 3759 in
592 3678 891 3781 Huutscuhesheim
917 3684 1011 3759 duas
1023 3684 1178 3781 petiolas
1202 3684 1248 3757 de
1262 3682 1392 3771 vinea,
1417 3680 1457 3760 dt
1465 3680 1483 3779 j

217 3781 257 3859 in
282 3780 478 3859 Hrtnntact
492 3808 515 3861 a
530 3786 590 3860 die
616 3784 844 3884 praesente&
860 3785 1033 3883 deinceps
1049 3839 1060 3873 ,
1085 3785 1140 3859 ita
1153 3796 1196 3860 ut
1208 3784 1256 3859 ad
1270 3782 1386 3882 ipsum
1400 3783 1483 3861 san·

218 3888 317 3961 uum
343 3885 468 3960 locum
487 3888 547 3962 vel
573 3888 622 3961 ad
644 3900 795 3982 agentes
819 3886 930 3985 ipiius
951 3888 1055 3962 omni
1076 3899 1243 3985 tempore
1255 3884 1423 3985 proficiat
1442 3887 1484 3964 in

218 3984 442 4098 augmentis.
494 3986 535 4065 Si
549 3986 634 4087 quis
656 4010 768 4077 vero,
793 3988 1085 4169 ιῦιιοάἀῐιιῐιιωω
1109 3986 1177 4067 effe
1201 4012 1278 4069 non
1296 3987 1429 4079 credo,
1453 3987 1501 4081 sr-

847 4091 872 4166 d
936 4114 960 4175 2
1362 4111 1433 4193 ego
