4000 5417
1177 443 1182 461 ¹
1397 426 1421 474 0

912 505 1102 585 Curios.
1130 502 1431 587 sacuam

510 725 866 750 ’,ιι-*ι*

1011 810 1264 905 CXXXVI.

687 943 935 1038 Donata'ones
963 943 1020 1030 ad
1041 943 1309 1057 monasterium
1336 945 1599 1062 Abrinsberg·

302 1115 408 1184 ‘Ded
416 1103 505 1180 Frelil
542 1139 568 1190 ii
582 1111 761 1188 *nomine
777 1109 907 1188 sanstae
920 1109 959 1187 di
972 1110 1172 1190 individuae
1185 1111 1387 1188 Trinitatis.
1414 1112 1640 1193 Consanus
1654 1114 1782 1195 divina

303 1206 382 1284 orig.
407 1201 506 1268 ΡΜ·
567 1216 757 1291 ordinante
770 1211 1001 1312 providentia
1017 1234 1094 1290 rex.
1146 1213 1328 1309 Quicquid
1349 1214 1418 1289 Dei
1439 1217 1624 1292 servorum
1646 1219 1782 1294 exhor·

304 1309 373 1438 ²1³&
387 1305 505 1460 &³⁵
516 1319 657 1436 tatione
670 1315 784 1492 locist,
812 1315 944 1392 divinis
959 1315 1122 1493 cultibips
1136 1314 1272 1492 amissi
1286 1315 1458 1494 ,lidegpm
1479 1332 1605 1493 aperite
1626 1321 1782 1497 congeri·

517 1441 621 1508 mus,
648 1441 746 1494 inex
782 1439 867 1492 emo
881 1439 1065 1494 examinis
1105 1441 1137 1492 ie
1162 1441 1230 1493 cen
1324 1439 1369 1492 ca
1410 1442 1487 1495 ma
1516 1443 1646 1496 ummo
1675 1449 1699 1497 u
1725 1443 1781 1498 ice

517 1521 625 1598 nobis
639 1517 886 1620 repraesentari
901 1520 1039 1616 absque
1052 1520 1164 1619 dubio
1177 1440 1407 1596 configimus.
1458 1520 1595 1596 Idcirco
1608 1444 1781 1600 <signibus
1858 1511 1864 1523 ’

518 1623 649 1699 ranaae
675 1623 744 1698 Dei
759 1620 919 1698 ecclesiae
931 1621 1132 1719 nostrisque
1146 1620 1342 1709 fidelibus,
1366 1619 1654 1721 praesentibus&
1677 1625 1779 1702 futu·

517 1725 590 1812 ris,
615 1735 747 1799 notum
772 1721 1064 1810 essevolumus,
1090 1722 1248 1819 qualiter
1262 1713 1392 1800 nostrae'
1406 1745 1471 1824 pro
1495 1725 1673 1801 mercedis
1689 1749 1778 1822 aug·

518 1838 670 1913 mento,
698 1847 741 1900 ac
755 1836 950 1922 parentum
975 1823 1015 1899 in
1033 1823 1230 1901 elemosina
1252 1849 1448 1914 meorum,
1472 1841 1582 1924 atque
1604 1849 1670 1928 pro
1692 1851 1780 1926 quo·

517 1926 677 2001 rundam
693 1924 858 2001 fidelium
873 1923 1077 2002 nostrorum
1101 1926 1340 2004 Thiedelachi
1355 1927 1511 2027 episcopi
1527 1983 1537 2017 ‚
1565 1953 1632 2005 nec
1654 1954 1728 2004 non
1741 1928 1780 2006 dt

517 2027 776 2103 Eairavnsiir
804 2047 971 2102 comitis
986 2049 1032 2103 ac
1045 2041 1290 2117 caeterorum,
1318 2029 1448 2105 Erlolsi
1465 2030 1504 2106 di
1517 2032 1707 2120 Folnandi,
1723 2049 1780 2105 roz
1851 2087 1854 2094 .

515 2141 608 2222 gatu
622 2129 804 2224 quasdam
819 2151 876 2204 res
901 2129 1131 2228 proprietatis
1153 2129 1282 2208 nostrae
1294 2133 1529 2206 concedimus
1551 2134 1598 2207 ad
1623 2133 1782 2209 santium

515 2232 666 2317 locum,
692 2227 946 2332 Abirinuburg
970 2231 1132 2319 ditium,
1166 2232 1229 2328 qui
1243 2229 1295 2304 est
1319 2231 1540 2306 constantius
1571 2235 1611 2307 in
1643 2235 1782 2309 honore
1846 2251 1850 2261 “

515 2329 625 2406 santii
651 2331 847 2408 Michaelis
879 2331 1090 2426 archangeli
1114 2331 1398 2430 omnipotentis,
1424 2331 1495 2405 hoc
1509 2331 1578 2424 est,
1605 2334 1781 2428 quicquid

516 2432 688 2510 Folcmar
711 2432 944 2533 proprietatis
964 2432 1062 2506 visus
1082 2430 1153 2506 fuit
1171 2431 1305 2506 habere
1319 2431 1358 2503 in
1383 2431 1537 2506 marcha
1551 2431 1590 2507 di
1604 2431 1644 2505 in
1668 2432 1779 2521 villa,

517 2533 799 2608 Hanscuaesaam
831 2544 1066 2629 nuncupata,
1093 2529 1132 2624 vj
1158 2531 1278 2606 hobus
1301 2529 1473 2619 serviles,
1498 2531 1538 2608 δι
1559 2532 1631 2607 hoc
1656 2545 1779 2608 totuin

516 2633 680 2731 Sigolso,
706 2633 824 2710 nostro
838 2653 982 2731 quoque
997 2630 1205 2720 monacho,
1230 2630 1375 2707 abbatis
1391 2631 1445 2709 sui
1458 2632 1607 2710 licentia
1632 2635 1681 2711 ad
1699 2636 1779 2711 dies

518 2737 607 2812 vitae
622 2737 705 2812 suae
718 2735 782 2812 sibi
795 2735 833 2810 in
846 2732 1036 2832 proprium
1048 2731 1185 2810 habere
1198 2731 1318 2810 nostra
1330 2733 1490 2810 concedo
1505 2733 1692 2834 potestate,
1705 2736 1779 2812 hoc

517 2837 579 2926 est,
596 2841 633 2914 in
646 2859 742 2937 pago
767 2833 1089 2950 Lobowngouus,in
1111 2837 1273 2909 comitate
1295 2835 1523 2954 bavararu}
1548 2859 1727 2927 comitia,
1740 2837 1781 2915 dt

515 2937 1051 3129 ttlltitbtllillti
1066 2937 1780 3138 illitilsillitffiiislis:

516 3145 656 3242 pratis,
681 3143 843 3242 pascuis,
868 3141 1000 3238 sylvis,
1026 3139 1136 3214 cultis
1149 3137 1188 3214 dc
1202 3139 1370 3228 incultis,
1396 3139 1526 3237 aquis,
1551 3163 1779 3238 aquarumve

512 3243 749 3333 decursibus,
775 3243 846 3320 viis
871 3241 910 3318 &
931 3239 1066 3327 inviis,
1092 3238 1287 3316 accessibus
1300 3240 1338 3317 δι
1354 3239 1595 3336 adjacentiis,
1621 3241 1776 3334 linibus,

512 3345 677 3422 exitibus
691 3365 736 3419 ac
751 3341 971 3440 regressibus.
996 3341 1130 3416 .Haec
1152 3341 1265 3437 igitur
1285 3343 1411 3420 omnia
1427 3341 1507 3438 jam
1528 3343 1623 3419 ditio
1647 3367 1777 3421 inona-

509 3447 584 3524 cho
601 3447 648 3523 ad
663 3447 870 3548 praefatum
884 3444 1028 3531 locum,
1055 3465 1098 3517 ac
1114 3441 1192 3542 post
1204 3441 1314 3542 ipsius
1329 3445 1376 3520 de
1401 3445 1473 3521 hac
1485 3446 1563 3522 vita
1578 3444 1777 3535 discessum,

508 3549 686 3627 fratribus
703 3543 916 3624 monasterio
942 3543 1174 3622 Lauresham
1198 3543 1381 3636 Domino,
1406 3546 1596 3646 sandoque
1617 3547 1778 3624 Nazario

509 3649 805 3740 famulantibus,
830 3647 870 3724 in
902 3646 1163 3747 proprietatem
1188 3646 1537 3725 &dominationem
1559 3663 1778 3749 perpetuam

508 3755 781 3843 condonamus,
796 3749 835 3830 δι
844 3747 1011 3850 Jussimus
1024 3749 1080 3826 eis
1099 3749 1179 3830 fieri
1193 3749 1264 3824 hoc
1279 3747 1420 3826 nostrae
1432 3750 1658 3828 auctoritatis
1672 3774 1778 3852 prae·
1895 3765 1903 3776 “

507 3869 668 3953 ceptum,
684 3878 748 3954 per
766 3855 864 3952 quod
876 3853 1052 3928 volumus
1067 3851 1293 3950 firmiterque
1307 3853 1573 3952 praecipimus,
1599 3868 1643 3930 ut
1656 3853 1702 3928 de
1715 3853 1774 3928 liis

507 3957 678 4034 omnibus
694 3981 791 4032 nunc
808 3954 846 4033 dr
860 3953 1032 4051 deinceps
1046 3955 1147 4028 omni
1172 3967 1335 4053 tempore
1357 3955 1511 4031 liberam
1525 3956 1688 4031 habeant
1707 3975 1771 4051 poa

506 4055 675 4140 testatem
695 4057 881 4146 faciendi,
908 4053 1086 4156 quicquid
1117 4054 1171 4133 eis
1195 4055 1402 4158 placuerit,
1428 4059 1604 4158 quatinus
1618 4076 1686 4234 θος.
1704 4075 1771 4151 pro

1603 4179 1652 4234 no
1677 4175 1711 4229 is
