4000 5417
530 379 634 489 Suc.
667 376 721 457 XI
747 376 1010 455 Hnmnrco
1035 375 1071 453 11
1095 399 1205 457 rur.
1391 323 1461 483 1⁸57

204 542 211 553 ,
270 532 273 539 ι
911 542 931 557 -
1289 545 1424 565 ἡ

731 598 1467 621 Ἣ*

196 692 421 789 Quapropter
436 708 523 761 cum
539 682 686 760 consilio
700 706 865 761 meorum
882 682 1050 761 fidelium
1065 686 1103 761 id
1116 682 1285 760 ordinare
1300 683 1464 783 disposui,

195 792 379 888 quomodo
402 802 519 865 tantae
544 785 732 865 discordiae
758 788 995 879 temerariam
1022 787 1347 887 praesumptionem
1372 790 1465 863 inter

194 908 390 989 utramque
404 887 592 966 ecclefiam
606 887 645 964 δι
659 910 786 965 earum
800 889 963 965 familias
978 913 1078 965 nunc
1096 889 1135 965 dr
1149 888 1386 987 imposterum
1398 904 1464 967 aut

193 996 346 1069 omnino
359 992 606 1077 dissolverem,
632 1004 697 1065 aut
712 992 933 1089 impunitam
955 1016 1029 1067 non
1050 993 1298 1087 relinquerem
1316 1014 1327 1083 3
1354 992 1462 1091 inpri-

193 1097 267 1171 mis
289 1096 473 1194 praecepi,
500 1092 693 1169 &adhoc
718 1094 966 1191 peragendum
989 1116 1093 1169 meos
1117 1093 1274 1169 nuncios
1289 1092 1395 1181 misr,
1420 1108 1467 1171 ut

193 1199 314 1274 omnis
327 1194 516 1293 injustitia,
544 1191 717 1293 quaejam
732 1218 794 1293 per
809 1197 927 1270 multa
941 1210 1107 1294 tempora
1122 1219 1171 1270 ex
1186 1210 1345 1292 utraque
1359 1210 1464 1295 parte

191 1299 391 1375 incorresta
415 1296 662 1383 remanserat,
689 1296 736 1371 ab
758 1296 946 1373 advocatis
961 1297 1109 1373 illorum
1129 1297 1319 1394 utrimque
1344 1298 1463 1394 pleni·

193 1414 250 1477 ter
266 1402 527 1497 corrigeretur,
554 1398 592 1475 aa
606 1397 740 1473 dehinc
752 1400 994 1498 praevideant,
1022 1424 1068 1475 ne
1083 1400 1173 1476 talia
1187 1400 1286 1499 apud
1302 1399 1388 1475 illos
1411 1399 1460 1475 fic

192 1502 482 1594 inveterescant3
508 1500 547 1578 u
570 1499 596 1573 sr
623 1501 747 1597 aliqua
772 1524 871 1577 nova
904 1502 1089 1577 contentio
1112 1503 1204 1578 inter
1227 1503 1312 1577 illos
1327 1515 1462 1578 exorta

191 1605 321 1693 suerit,
348 1605 453 1690 volo,
479 1615 522 1680 ut
543 1602 790 1703 conveniant,
816 1602 855 1679 dc
869 1624 986 1698 quam
1003 1598 1166 1679 citissime
1180 1604 1322 1701 pollint,
1348 1604 1460 1679 corri-

191 1721 294 1801 gant.
349 1707 401 1781 Et
416 1726 461 1779 ne
478 1704 564 1780 talis
580 1728 623 1779 ac
639 1717 755 1781 tantae
769 1704 954 1779 seditionis
980 1703 1136 1778 audacia
1148 1704 1220 1779 fine
1240 1704 1352 1798 digna
1371 1707 1460 1781 ulti·

191 1832 262 1883 one
278 1809 565 1902 interutrasque
589 1804 751 1881 familias
766 1802 844 1903 post
858 1817 1082 1895 remaneret,
1109 1826 1172 1901 per
1182 1798 1296 1898 hujus
1308 1806 1460 1881 cartulae

189 1922 420 2007 praeceptum
442 1906 534 1982 lstud
558 1906 726 1983 constitui
749 1908 950 1981 decretum.
977 1904 1019 1981 Si
1032 1904 1117 2001 quis
1130 1928 1178 1978 ex
1193 1904 1336 1979 familia
1355 1904 1464 1981 sandi

190 2011 295 2084 Petri
328 2007 603 2087 Wormatiensrs
636 2008 802 2107 aliquem
824 2032 871 2081 ex
898 2006 1043 2083 familia
1066 2005 1175 2081 sansii
1208 2006 1376 2093 Nazarii,
1402 2006 1464 2081 vel

189 2111 399 2185 econtrario
416 2110 549 2205 aliquis
561 2134 610 2185 ex
637 2109 783 2185 familia
797 2108 911 2184 sandi
936 2107 1086 2183 Nazarii
1100 2130 1325 2204 quemquam
1346 2104 1465 2183 servo·

186 2234 275 2286 rum
302 2210 410 2286 sanili
436 2210 539 2287 Petri·
560 2210 789 2306 insequitur,
821 2208 976 2299 &ausu
997 2210 1218 2296 temerario,
1244 2207 1285 2284 dc
1317 2223 1463 2284 armata

186 2336 303 2389 manu
315 2312 477 2411 aliquem
493 2310 541 2386 ad
565 2312 807 2403 occidendum
822 2310 883 2386 vel
911 2310 957 2384 ad
973 2311 1258 2409 depraedandum
1273 2306 1354 2405 ejus
1379 2332 1461 2385 cur-

186 2426 263 2489 tem
276 2414 348 2490 srve
361 2412 440 2509 ejus
454 2414 606 2489 domum
618 2414 827 2509 infregerit,
845 2410 884 2487 dc
898 2433 985 2487 eum
999 2412 1284 2510 impugnaverit,
1301 2410 1340 2487 ὅ(
1352 2410 1379 2485 fi
1393 2412 1457 2487 ille

187 2530 254 2591 aut
268 2515 469 2611 aufugerit,
498 2517 556 2590 vel
571 2538 720 2612 quoquo
736 2516 848 2599 modo
863 2512 911 2589 ab
936 2510 1018 2609 ejus
1037 2511 1212 2612 potestate
1228 2513 1301 2589 five
1311 2512 1460 2613 impug-

184 2618 335 2693 natione
354 2616 386 2691 se
407 2618 630 2705 liberaverit,
649 2631 726 2693 aut
741 2615 766 2690 sr
780 2616 887 2703 ,sorte
912 2614 1014 2691 domi
1035 2640 1110 2690 non
1123 2614 1261 2702 suerit,
1286 2613 1369 2702 illi,
1394 2614 1460 2711 qui

183 2718 300 2815 hujus
326 2718 488 2793 audaciae
510 2718 549 2792 u
572 2717 771 2795 invasionis
796 2719 874 2795 dux
888 2714 927 2794 δι
944 2718 1111 2817 princeps
1124 2718 1254 2805 suerit,
1280 2716 1459 2793 tollantur

184 2816 371 2916 capilli&
386 2816 552 2901 corium,
577 2818 772 2913 &insuper
794 2820 835 2893 in
857 2832 1012 2917 utraque
1032 2820 1190 2895 maxilla
1215 2819 1311 2893 ferro
1325 2820 1375 2895 ad
1387 2819 1458 2895 hoc
1507 2814 1513 2821 ’

184 2919 288 2995 sado
312 2916 425 2991 etiam
450 2914 621 2989 candenti
640 2917 734 2989 bene
762 2931 923 3010 gretetur
953 2919 1171 3021 (cratetur)
1197 2918 1272 3019 (a)
1296 2919 1334 2998 δι
1357 2944 1457 2996 com·

184 3022 372 3105 buratur,
399 3015 531 3112 reliqui
556 3014 636 3111 ejus
662 3014 831 3111 sequaces
844 3034 928 3117 cute
952 3018 990 3097 &
1005 3023 1149 3120 capillis
1166 3024 1365 3119 priventur.
1414 3022 1458 3099 Si
1484 3025 1489 3031 ’

185 3137 318 3199 autem
334 3118 383 3195 ibi
399 3118 596 3204 occiditur,
622 3138 776 3206 omnes,
802 3121 865 3217 qul
879 3118 990 3217 hujus
1014 3123 1202 3199 homicidii
1216 3125 1276 3199 vel
1302 3122 1457 3200 invasio·

184 3226 246 3301 nis
262 3220 457 3323 participes
481 3218 590 3306 sunt,
615 3233 698 3293 cute
720 3217 759 3294 δι
791 3223 936 3319 capillis
957 3225 1110 3321 perditis
1132 3224 1330 3323 supradicta
1354 3248 1457 3304 com·

183 3326 353 3403 bullione
375 3321 585 3417 signentur,
613 3342 656 3393 ac
677 3321 920 3415 werigeldum
940 3324 1046 3398 occifi
1066 3326 1217 3400 domino
1239 3325 1303 3401 suo
1337 3328 1461 3401 austor

183 3425 382 3504 homicidii
395 3421 592 3521 persolvat,
619 3420 658 3497 dc
674 3440 762 3493 cum
777 3424 950 3517 proximis
962 3422 1128 3519 ejusdem
1142 3426 1320 3503 interfecti
1335 3449 1462 3504 recou-

183 3529 417 3607 ciliatiouem
434 3521 565 3612 faciat,
592 3522 631 3599 dc
645 3522 687 3598 in
702 3544 918 3702 quocunque
937 3526 1019 3599 loco
1033 3520 1166 3622 aliquis
1177 3550 1224 3601 ex
1239 3540 1395 3625 utraque
1408 3528 1463 3602 sa·

910 3648 932 3720 3
958 3674 977 3693 κ.
1308 3629 1414 3703 milia

174 3822 177 3826 -
227 3780 251 3866 (
261 3778 307 3860 a)
326 3778 506 3863 Utrumque
518 3777 612 3843 habet
624 3778 744 3851 codex,
758 3776 895 3841 altemm
905 3778 938 3841 in
953 3786 1065 3853 textu,
1080 3780 1215 3843 alterurn
1227 3778 1316 3865 supra
1330 3788 1462 3846 textum.

265 3864 430 3930 .Freherus
444 3863 529 3928 dedit
539 3874 738 3939 caraxatur,
761 3862 925 3947 quodnon
939 3864 972 3927 in
997 3864 1115 3929 codice.
1158 3866 1273 3931 Mediae
1286 3866 1464 3939 Latinitatis
1502 3918 1508 3925 .

273 3951 409 4017 verbum
435 3950 479 4015 est
497 3958 644 4025 cratera,
664 3950 716 4015 vel
736 3968 756 4011 a
775 3946 896 4014 Gallico
909 3960 1052 4035 grater,
1073 3951 1127 4017 vel
1141 3970 1160 4017 2
1174 3950 1281 4023 Germ.
1298 3954 1463 4022 araxem

271 4036 348 4107 Vid.
367 4038 482 4122 Gangis
497 4033 625 4125 Gloffar.
638 4037 715 4104 med.
729 4036 839 4105 Latin.
855 4056 933 4105 voce
949 4048 1087 4117 arctare.
