4000 5417
537 503 606 575 182
660 494 663 503 '
909 479 1094 560 ennon.
1122 501 1183 557 ur
1209 476 1425 558 Caturia

474 877 476 882 ,
534 781 700 874 cusandi
720 786 854 900 gratia
870 784 1050 886 misisset,
1078 813 1163 868 non
1179 778 1310 871 solum
1327 811 1413 867 non
1431 782 1489 870 est
1507 784 1714 890 admissus,
1733 785 1802 874 sed

531 903 659 987 etiam
678 893 945 1014 ignominiose
963 927 1009 983 re
1038 893 1170 992 ulsus;
1185 923 1314 1010 quem
1330 923 1355 978 e
1371 897 1544 1010 vestigio
1559 897 1803 1016 regalisepi-

381 1037 389 1046 ’
530 1010 631 1103 stola
647 1035 722 1128 per
737 1006 977 1128 episcopum
1040 1012 1196 1096 bricata
1213 1005 1469 1122 insequitur,
1493 1012 1554 1096 ita
1571 1016 1802 1100 continens

797 1263 808 1274 ·
900 1233 906 1242 ’
1065 1222 1271 1314 CXXIII.

391 1484 397 1496 ‚
533 1407 798 1536 Hernarcus
812 1393 881 1469 Dei
896 1391 1017 1490 gratia
1032 1413 1118 1480 rex,
1143 1391 1318 1467 Udalrico
1333 1389 1456 1468 abbati
1472 1392 1632 1488 gratiam
1645 1393 1803 1473 interim.

625 1498 825 1585 Miramur,
852 1497 952 1592 quod
966 1510 1021 1584 te,
1048 1491 1109 1568 cui
1123 1494 1329 1569 obedientia
1342 1515 1420 1594 prae
1434 1496 1607 1571 omnibus
1621 1501 1803 1590 convenit,

534 1601 806 1678 inobedientem
821 1599 1006 1687 sentimus
1020 1621 1094 1673 non
1106 1595 1344 1693 cogitantem,
1366 1595 1457 1694 quid
1472 1594 1541 1684 fis,
1568 1597 1607 1674 dt
1620 1600 1718 1694 quod
1733 1601 1803 1674 im-

538 1725 637 1802 pune
652 1703 775 1778 facere
796 1725 870 1776 non
883 1713 996 1799 potes.
1048 1697 1274 1773 Seditionem
1289 1698 1436 1795 quidem
1462 1712 1536 1773 ate
1551 1700 1646 1774 velle
1662 1702 1803 1778 moveri

537 1803 761 1892 audivimus
776 1799 881 1896 cujus
896 1799 1087 1876 seditionis
1101 1801 1221 1896 qualis
1237 1799 1281 1874 srt
1296 1793 1397 1889 sinis}
1422 1799 1526 1874 haud
1538 1799 1715 1900 sapienter
1729 1818 1804 1881 tra·

536 1907 638 1997 itas3
665 1905 765 1982 unde
796 1905 995 1989 volumus,
1021 1901 1249 1998 firmiterque
1264 1901 1328 1977 sub
1349 1915 1504 1999 optentu
1527 1904 1660 1998 gratiae
1676 1905 1804 1983 noliroe

506 2037 511 2048 ¹
538 2008 800 2108 praecipimus,
827 2018 887 2092 ut,
921 2002 1049 2100 siquid
1071 2003 1111 2077 in
1135 2025 1248 2100 regno
1262 2001 1382 2078 nostro
1394 2003 1531 2080 habere
1558 2006 1743 2098 volueris,
1768 2008 1806 2084 in

464 2153 466 2156 -
535 2107 730 2186 festivitate
762 2108 930 2184 nmmum
955 2104 1160 2181 sanderum
1185 2105 1235 2182 ad
1266 2128 1334 2182 nos
1366 2105 1548 2184 Goslariae
1573 2108 1700 2186 venire
1732 2134 1807 2188 noo

405 2213 411 2222 ”
534 2209 693 2288 dubites.

537 2415 662 2589 His
681 2412 808 2498 abbas
826 2409 951 2496 minis
977 2409 1231 2513 deterritus,
1257 2407 1400 2496 omisso
1419 2409 1600 2498 fratrum
1624 2441 1673 2497 ac
1698 2410 1804 2498 mili·

655 2547 749 2612 tum
775 2518 967 2626 oonsilio,
993 2523 1094 2634 jussa
1122 2527 1279 2638 exequi
1306 2519 1531 2639 disposuit,
1560 2521 1805 2640 ascensoque

536 2635 649 2724 ultra
671 2639 785 2724 vires
801 2661 941 2834 eque,
970 2665 1055 2721 non
1073 2636 1260 2752 procula
1285 2637 1531 2724 monasterio
1559 2637 1699 2746 divino
1728 2642 1806 2724 irn-

430 2829 437 2850 ,
535 2744 659 2870 'pulsu
682 2744 895 2880 prolapus
922 2751 1153 2863 graviffime
1177 2753 1365 2853 corruit,
1394 2774 1522 2864 atque
1554 2746 1806 2838 semianimis

538 2858 739 2979 praeclusa
768 2859 839 2948 dtu
858 2889 964 2962 voce
981 2863 1023 2946 in
1039 2859 1136 2948 sella
1151 2863 1369 2977 gestatoria
1390 2886 1628 2979 reportatus
1645 2863 1715 2950 est.
1744 2865 1807 2952 At

540 3003 646 3064 vero
664 2969 819 3060 milites
838 2970 1046 3078 ecclefiae,
1073 2998 1164 3061 tam
1180 2973 1463 3073 ministeriales
1490 3005 1621 3090 quam
1645 2975 1809 3063 nobiles
1919 3015 1924 3024 ·

538 3090 651 3190 viri,
680 3083 869 3202 praeclari
886 3084 979 3172 zelo
991 3088 1187 3199 justitiae,
1216 3086 1392 3174 succensi
1416 3090 1600 3173 barbaris
1623 3084 1805 3187 serviret

538 3201 652 3316 quod
669 3228 745 3285 nec
764 3194 869 3290 servi
886 3228 971 3287 aere
989 3205 1126 3317 parati
1149 3199 1326 3304 ferrent,
1345 3201 1505 3315 indigne
1521 3197 1706 3286 serentes
1725 3203 1804 3285 im·

536 3317 699 3400 minens
717 3304 977 3429 periculum,
1006 3314 1137 3400 finon
1165 3311 1331 3401 valeant
1356 3309 1545 3411 consilio,
1572 3310 1706 3411 ferro,
1736 3341 1804 3398 ca·

530 3430 720 3624 ,pirisque
743 3421 927 3540 periculo
955 3424 1185 3627 prppellere
1210 3425 1404 3515 statuunt.
1461 3427 1650 3515 Mentem
1673 3425 1805 3538 igitur

529 3645 534 3654 ι
571 3537 665 3641 aud,
683 3535 828 3654 procul
857 3567 1012 3646 amon¹
1059 3543 1176 3644 erio,
1204 3536 1452 3628 Burcheldon
1471 3538 1654 3650 ditium,
1683 3565 1807 3626 occu·

567 3673 640 3752 ant
658 3645 865 3737 ‘castellum
883 3651 1119 3756 ae'dilicant,
1147 3675 1286 3740 turres
1303 3652 1561 3756 construunt,
1589 3647 1700 3739 vallo
1720 3679 1806 3736 arn«

531 3679 682 3868 siunt,
724 3762 1047 3962 propugnaculis
1085 3770 1303 3870 muniunt,
1348 3767 1537 3899 praefidia
1573 3767 1805 3881 imponunt.

518 3877 649 3966 ‘Haec
664 3879 736 3964 ubr
761 3905 835 3993 per
869 3899 1039 3965 autores
1068 3875 1245 3996 episcopi
1273 3907 1362 3994 regi
1380 3877 1626 3982 insonuere,
1655 3875 1805 3964 litteris

543 3989 709 4079 diresiis
723 3993 842 4100 jubet
859 3993 1075 4094 abbatem,
1094 4014 1294 4108 tanquam
1310 4021 1422 4084 nova
1438 3989 1693 4093 molientem,
1710 3988 1808 4076 loeo

546 4101 779 4209 excedere,
809 4105 868 4191 ita
885 4106 1171 4197 interminans.
1548 4100 1752 4195 CXXlV.
