4000 5417
502 385 1119 466 ruenuoLouonunuusr.
1369 388 1443 488 '519
1493 459 1496 465 ,
1563 368 1567 376 ’
1626 415 1631 423 ·

706 687 916 780 DLXIX.

429 818 609 914 Duratio
637 819 844 908 Amulonis
870 813 1192 904 interimilla.
1248 839 1316 942 ῥ’

178 991 339 1132 Eodem
359 1013 455 1067 anno
475 985 546 1084 ego
571 983 710 1064 Amalo
724 985 763 1063 Gr
789 981 1019 1080 Meginsuind
1043 1004 1109 1081 pro
1125 983 1289 1060 remedio
1310 986 1447 1087 animae

145 1165 147 1178 ‚
256 1093 395 1170 Albani
409 1092 594 1165 donamus
608 1089 657 1164 ad
673 1087 834 1162 sannam
850 1085 919 1160 Dei
932 1098 1137 1184 martyrem
1154 1086 1358 1164 Nazarium
1373 1088 1446 1167 &a

178 1197 431 1292 donatumque
453 1191 524 1267 effe
544 1185 746 1284 volumusj
766 1186 902 1283 jurnal.
924 1185 1082 1262 deterra
1096 1189 1255 1264 araturia
1271 1191 1310 1264 in
1334 1193 1448 1266 Man·

177 1299 326 1372 winheim
342 1351 353 1386 ,
368 1297 416 1372 ad
429 1296 613 1390 integrum
627 1317 650 1368 a
664 1292 723 1366 die
738 1287 902 1388 praesenti
914 1289 961 1363 de
969 1287 1054 1384 jure
1066 1289 1185 1364 nostro
1198 1291 1239 1366 in
1251 1288 1314 1387 jus
1328 1291 1368 1370 δι
1381 1293 1449 1368 do·

177 1392 338 1496 minium
372 1397 481 1475 santii
507 1393 656 1471 Nazarii
689 1393 872 1468 tradimus
913 1404 1025 1488 atque
1054 1388 1348 1470 transfundimus
1372 1392 1447 1472 &a

178 1501 317 1578 Atium
346 1501 382 1577 in
404 1495 621 1576 monasterio
654 1492 880 1580 Lauraaam,
903 1491 962 1568 die
987 1492 1027 1569 ὅ(
1041 1507 1205 1593 tempore
1227 1519 1301 1592 quo
1327 1496 1447 1598 supra.

178 1603 336 1700 Signum
369 1599 567 1680 Amalonis
606 1596 645 1675 ir
674 1593 962 1692 Meginsuindis,
988 1596 1054 1692 qui
1075 1595 1173 1674 hanc
1188 1597 1446 1678 ⁸donationem

177 1706 266 1783 fecit
279 1705 317 1782 ἃ
331 1704 469 1780 firmari
482 1701 652 1798 rogavit,
677 1697 822 1795 iignum
849 1695 1060 1775 sinnam

762 1893 953 1988 DLXX.
1017 1890 1019 1894 ’

423 2033 604 2126 Duratio
629 2029 838 2124 Herimari
865 2028 1061 2158 intudem
1086 2028 1193 2120 uilla.

69 2180 72 2191 ¹
174 2202 557 2344 Regnantedomino
572 2200 693 2276 nostro
706 2198 847 2276 Karolo
857 2219 942 2294 rege
956 2197 1111 2294 glorioso
1123 2221 1195 2294 ego
1220 2197 1446 2278 Herimanu

259 2305 357 2379 dono
371 2304 418 2378 ad
431 2293 591 2380 sanetum
617 2303 686 2380 Dei
707 2305 910 2396 martyrem
937 2299 1151 2393 Nazariurm'
1163 2298 1235 2377 &a
1259 2301 1299 2377 iu
1329 2303 1467 2378 Mun·¹
1593 2306 1598 2314 '

173 2407 321 2480 nininim
340 2402 368 2500 jj
389 2402 526 2499 jurnal.
550 2407 597 2480 de
611 2419 708 2480 terra
731 2403 919 2488 araturia,
945 2421 1041 2497 quos
1057 2401 1103 2476 de
1123 2397 1207 2496 jure
1220 2425 1304 2478 meo
1318 2404 1358 2478 in
1378 2402 1445 2498 jus
1536 2438 1538 2441 ·

172 2507 281 2583 santii
297 2507 445 2584 Nazarii
460 2507 677 2582 transfundo
693 2505 731 2578 in
756 2503 825 2580 Dei
839 2502 989 2578 nomine
1003 2504 1263 2601 perpetualiter
1276 2506 1325 2580 ad
1337 2505 1443 2604 poffi·
1519 2526 1523 2532 ·
1618 2581 1624 2590 ,

174 2609 337 2684 dendum
353 2607 584 2706 stipulatione
598 2607 764 2684 subnixa.
779 2605 915 2681 Atium
930 2604 970 2678 in
986 2593 1203 2680 monasterio
1216 2603 1444 2682 Laurum.

175 2711 334 2808 Signum
350 2709 552 2800 Herimari,
566 2711 632 2808 qui
645 2708 743 2784 hanc
759 2707 997 2786 donationem
1005 2705 1102 2786 fecit
1111 2711 1286 2788 Gerwart
1297 2706 1446 2810 scripsit·
1478 2711 1481 2720 '

706 2905 917 2994 DLXXI.

376 3031 559 3124 Duratio
586 3033 868 3148 Reginfiriudis
894 3033 936 3120 in
970 3035 1100 3122 eadem
1124 3035 1232 3125 viiia.

175 3203 337 3343 Eodem
353 3211 516 3298 tempore
531 3221 602 3294 ego
611 3199 833 3294 Reginsuint
844 3202 1013 3301 donopro
1027 3205 1192 3280 remedio
1203 3206 1339 3286 animae
1347 3231 1445 3288 mete

255 3305 303 3380 ad
318 3303 478 3379 sanetum
494 3301 563 3376 Dei
578 3315 782 3397 martyrem
796 3303 997 3380 Nazarium
1004 3303 1076 3381 &e
1087 3305 1116 3402 jj
1129 3305 1315 3402 jurnal.in
1331 3311 1426 3383 Man

173 3408 322 3482 etinheim
343 3402 482 3500 dejure
497 3425 581 3478 meo
598 3398 763 3499 injus&
789 3405 996 3482 dominium
1010 3407 1119 3485 sanni
1145 3409 1298 3485 Nazarii
1320 3423 1444 3484 trans·
1468 3435 1476 3450 ·

172 3508 289 3585 fundo
309 3508 349 3582 in
373 3506 442 3585 Dei
466 3505 616 3582 nomine
648 3506 908 3605 perpetualiter
930 3508 978 3582 ad
1001 3507 1268 3606 poffidendum,
1293 3509 1444 3608 stipula·

173 3610 273 3686 tione
289 3608 452 3683 subnixa.
503 3605 641 3687 Altum
655 3609 693 3682 in
709 3605 924 3682 monasterio
945 3609 1169 3684 lauresham.
1195 3611 1351 3706 Signum
1366 3613 1441 3687 Re·

171 3707 380 3805 ginsuindie
393 3731 475 3805 quae
489 3710 585 3787 hanc
599 3709 833 3788 donationem
848 3708 1127 3786 fecit&firmari
1146 3712 1306 3810 rogavit
1354 3713 1441 3812 Sig-

171 3811 688 3902 numssalduiu·‚Ruu1ardi.
740 3810 950 3890 Herileicus
959 3809 1107 3914 scripsit
1283 3823 1294 3838 ⁸

1198 4043 1388 4130 DLXXII.
