4000 5417
544 474 616 553 116
797 535 801 540 .
918 468 1103 547 eunom
1128 482 1191 546 aa·
1215 464 1433 545 enim

540 628 1813 659 *ψῃ-Μ

1455 684 1814 709 m

1137 768 1298 863 LXVI.

352 908 374 951 ⁸
392 902 505 973 offlffi‘
541 906 835 1025 Praeceptum*
854 902 1031 1021 primum
1059 904 1223 1127 Oſsttoais
1240 904 1298 1105 dab
1309 894 1558 1033 immanitate
1583 902 1812 993 Leucesia-

602 1056 604 1061 ·
1007 1046 1088 1103 men
1114 1048 1134 1104 s
1162 1046 1275 1105 cocao
1301 1046 1345 1105 a.

571 1188 758 1265 nuomine
780 1184 909 1265 sanstae
941 1186 979 1263 dt
1001 1184 1200 1261 individuae
1226 1183 1429 1259 Trinitatis.
1470 1182 1587 1277 Otto
1611 1184 1738 1261 divina
1753 1188 1808 1263 sa·

597 1305 705 1369 vente
730 1288 927 1363 clementia
949 1312 1025 1363 rex.
1051 1376 1054 1380 ,
1077 1288 1118 1363 Si
1139 1286 1369 1363 liberalitatis
1395 1282 1525 1363 nostrae
1550 1308 1703 1362 munere
1729 1289 1809 1365 loca

466 1397 474 1415 “
543 1395 625 1473 Deo
646 1392 769 1467 dicata
783 1389 901 1464 nostro
926 1391 1135 1467 relevamus
1145 1386 1338 1485 juvamine
1363 1400 1476 1483 atque
1489 1401 1664 1475 tuemur,
1690 1390 1730 1465 id
1744 1416 1809 1466 no-

529 1496 601 1574 ›bis
615 1495 663 1569 ad
684 1494 926 1591 temporalem
947 1494 1064 1570 vitam
1086 1490 1243 1568 feliciter
1266 1488 1521 1564 deducendam
1534 1488 1573 1565 dt
1587 1502 1739 1568 aeternae
1755 1493 1809 1567 se-

542 1596 695 1674 licitatis
720 1594 874 1693 praemia
895 1592 1107 1692 capessenda
1120 1592 1260 1689 liquido
1275 1591 1509 1692 profuturum
1523 1588 1592 1666 esse
1614 1594 1809 1672 credimus.

543 1701 770 1795 Quapropter
785 1696 1106 1771 noveritomnium
1122 1693 1287 1793 fidelium
1302 1692 1501 1767 nostrorum
1515 1692 1701 1783 industria,
1716 1698 1810 1792 qua·

523 1800 628 1876 *liter
651 1797 820 1873 Eberisus
846 1797 1065 1873 venerabilis
1090 1795 1298 1895 episcopus,
1324 1793 1511 1891 nosterque
1524 1792 1643 1869 fidelis
1659 1820 1809 1896 compa-

544 1914 626 1989 ter,
655 1898 856 1977 serenitatis
879 1897 1010 1975 nostrae
1034 1898 1271 1975 clementiam
1288 1897 1415 1971 adiens
1429 1894 1644 1995 postulavit,
1670 1913 1714 1974 ut
1727 1922 1809 1975 mo-

542 2000 722 2089 nasterio,
748 2002 848 2097 quod
873 1999 1085 2075 lauresham
1100 2000 1252 2086 dicitur,
1279 1997 1534 2075 &inhonore
1554 1997 1663 2081 santii
1687 2001 1808 2079 Naza-

540 2104 587 2179 rii
602 2102 776 2197 martyris
801 2100 1042 2180 construitura
1070 2100 1138 2178 esse
1151 2098 1373 2188 dinoscitur,
1399 2099 1717 2197 deiquesamulis,
1739 2103 1809 2179 ibi·

540 2206 630 2281 dem
655 2203 735 2280 Deo
756 2202 795 2279 dc
816 2203 933 2279 santio
960 2203 1118 2280 Nazario
1144 2201 1409 2291 servientibus,
1434 2201 1566 2282 nostrae
1578 2202 1808 2282 liberalitatis

514 2356 516 2363 ›
541 2306 582 2384 tr
597 2306 842 2380 immunitatis
856 2319 1082 2405 praeceptum
1097 2304 1176 2380 sieri
1200 2302 1497 2393 decrevissemus,
1522 2328 1585 2404 per
1597 2304 1696 2401 quod
1710 2330 1806 2404 prae·

542 2406 661 2485 notati
686 2404 893 2481 monasterii
908 2406 1060 2505 Deique
1083 2406 1297 2493 servitores,
1323 2404 1440 2483 res&
1466 2404 1686 2504 potestates,
1711 2431 1806 2505 quas

531 2532 607 2609 per
628 2522 746 2584 totam
772 2506 958 2583 abbatiam
979 2507 1062 2604 jure
1084 2508 1218 2585 debent
1239 2506 1401 2596 habere,
1431 2506 1574 2585 firmius
1594 2533 1638 2585 ac
1664 2511 1806 2608 plenius

541 2633 607 2709 per
622 2608 780 2686 nostram
795 2609 1049 2685 austoritatem
1063 2610 1198 2687 habere
1224 2608 1433 2703 valuissent3
1460 2608 1566 2706 cujus
1579 2611 1743 2710 petitioni
1757 2614 1805 2689 ob

533 2732 709 2787 amorem
735 2711 804 2787 Dei
829 2713 1068 2810 omniumque
1093 2712 1296 2789 santtorum
1320 2709 1359 2788 tc
1379 2712 1428 2787 ob
1452 2712 1657 2789 iemedium
1670 2714 1804 2793 animae

526 2814 658 2912 'patris
678 2810 1037 2911 notandumque
1069 2813 1205 2891 ammae
1226 2813 1264 2890 &
1290 2834 1356 2914 pro
1377 2814 1628 2890 incolomitate
1658 2813 1802 2905 nostra,

542 2912 780 3012 conjugisque
793 2914 921 2993 nostrae
934 2939 981 2991 ac
1008 2917 1121 3015 prolis
1143 2915 1319 2992 assensum
1333 2914 1555 3014 praebentes,
1581 2918 1635 2994 ita
1648 2916 1804 2993 fieride-

540 3017 750 3104 crevimus,
777 3017 828 3093 ita
842 3030 886 3091 ut
911 3020 1199 3115 praenominatus
1232 3018 1450 3095 venerabilis
1472 3019 1644 3094 Eberr'sus
1667 3018 1803 3117 episco-

448 3208 457 3217 .
540 3138 637 3216 pus,
664 3140 775 3214 quem
791 3120 1070 3220 praenuncupati
1083 3116 1288 3195 monasterii
1313 3117 1498 3195 catervula
1511 3140 1598 3191 cum
1614 3114 1736 3193 notra
1756 3122 1804 3194 li·

402 3214 431 3221 ”
541 3218 690 3305 centia,
716 3217 986 3316 nostrorumque
1001 3220 1168 3297 fidelium
1193 3220 1413 3296 consultuin
1426 3234 1614 3319 paternum
1628 3208 1802 3301 abbatem

361 3362 363 3366 ·
448 3396 452 3401 .
515 3319 654 3415 'clegit
666 3371 678 3409 ‚
704 3320 860 3395 eandem
885 3322 1099 3412 abbatiam,
1124 3346 1237 3421 quam
1257 3323 1322 3397 diu
1334 3346 1383 3397 ex
1407 3324 1478 3398 Dei
1499 3321 1738 3398 misericordia
1762 3324 1800 3398 ei

539 3422 700 3519 spatium
712 3421 859 3499 vivendi
872 3426 1104 3517 conceditur,
1128 3424 1201 3500 srne
1215 3425 1328 3499 ullius
1343 3424 1506 3500 hominis
1519 3424 1801 3501 contradittione
1823 3494 1826 3498 .

538 3522 704 3599 obtineat
719 3538 828 3621 atque
852 3541 968 3622 regat.
1020 3526 1102 3604 Post
1115 3523 1195 3622 ejus
1209 3550 1301 3601 aero
1322 3525 1534 3616 discessum,
1559 3540 1602 3603 ut
1622 3526 1803 3624 regularis

537 3623 750 3703 fraternitas
763 3624 942 3726 postulat,
968 3629 1122 3705 liberam
1138 3628 1275 3706 habeat
1297 3626 1540 3727 potestatem,
1566 3630 1660 3706 inter
1675 3628 1709 3704 se
1734 3629 1803 3705 eli·

537 3726 649 3823 gendi
662 3728 834 3805 abbatem
851 3784 862 3818 ,
888 3728 925 3807 &
942 3746 983 3808 ut
996 3730 1050 3807 ita
1065 3732 1174 3807 liceat
1219 3729 1375 3807 raedittae
1390 3732 1685 3829 congregationi,
1705 3729 1803 3828 ejus·

536 3848 608 3925 que
633 3828 887 3907 successoribus
901 3854 961 3907 res
993 3856 1081 3909 cum
1104 3756 1298 3919 omnfirus,
1325 3854 1410 3929 quac
1429 3853 1527 3932 nunc
1550 3834 1715 3933 possidet,
1740 3834 1798 3908 vel

532 3928 703 4029 deinceps
720 3930 924 4030 acquisierit
946 3987 957 4022 ,
981 3936 1109 4029 quieto
1124 3936 1250 4010 ordine
1265 3934 1402 4031 absque
1417 3935 1495 4011 ulla
1516 3935 1800 4029 contraditilone

401 4054 404 4060 ·
531 4032 721 4129 obdidere,
746 4033 848 4120 ficuti
860 4035 961 4141 prius
975 4036 1188 4131 videbatur,
1214 4038 1306 4119 dum
1321 4034 1649 4123 abantecellorum
1662 4034 1802 4112 nostro-
