4000 5417
601 465 658 519 rn
685 417 812 519 uaso
836 442 1219 521 Looonorrnnsr.
1443 472 1522 552 373

850 744 1042 840 CCCIV0.
1220 786 1226 801 ·

489 876 671 969 Duratio
696 876 945 996 Jungeraoi
962 880 1004 966 in
1022 878 1153 967 eodem
1170 875 1275 965 villa.

247 1048 386 1187 Anno
400 1046 489 1124 XVI
503 1044 605 1141 regni
620 1042 759 1119 domini
774 1042 884 1119 nostri
909 1042 1052 1143 Pippini
1071 1043 1196 1139 regis,
1222 1068 1292 1142 ego
1308 1046 1346 1122 in
1371 1046 1441 1123 Dei
1455 1072 1523 1129 no·

247 1190 254 1199 ·
328 1150 439 1225 'mine
462 1150 638 1249 Jungerat
651 1144 749 1219 dono
763 1146 812 1220 ad
826 1146 988 1221 landum
1003 1148 1207 1241 martyrem
1222 1148 1291 1223 Dei
1307 1149 1521 1240 Nazarium,
1561 1164 1610 1188 ·‘

248 1255 317 1353 qui
333 1250 526 1349 requiescit
538 1250 577 1325 in
591 1268 741 1345 corpore
756 1246 795 1319 in
808 1270 904 1343 pago
930 1245 1098 1334 Rimul,
1123 1246 1165 1323 in
1177 1250 1395 1326 monasterio
1420 1252 1521 1329 Lau·

248 1354 421 1440 reslram,
436 1350 708 1451 superfluorum
730 1347 887 1428 Wiffcoz
903 1347 985 1437 fito,
1011 1348 1076 1423 ubi
1090 1349 1148 1424 vir
1160 1354 1334 1428 venerab.
1370 1355 1522 1429 Gunde-

252 1457 387 1533 laudus
401 1455 498 1531 abba
519 1451 664 1553 praere
685 1450 857 1537 videtur,
882 1450 1135 1546 donatumque
1158 1452 1197 1527 in
1210 1469 1428 1555 perpetuum
1450 1454 1520 1533 effe
1650 1467 1654 1474 ’

251 1560 362 1647 volo,
388 1556 459 1631 hoc
474 1554 549 1645 est,
576 1553 756 1631 viniolam
774 1548 789 1646 j
816 1552 855 1625 in
865 1576 958 1649 pago
990 1552 1115 1625 noran
1132 1552 1171 1627 in
1194 1554 1520 1655 Haorscuhcsireim,

255 1682 278 1737 a
293 1661 352 1735 die
367 1658 543 1756 praesente
557 1656 603 1731 de
614 1654 697 1753 jure
723 1676 808 1727 meo
820 1650 928 1748 injus
943 1652 981 1728 &
1005 1653 1212 1729 dominium
1226 1656 1335 1732 sandi
1352 1658 1397 1734 N.
1413 1661 1521 1736 trado

253 1777 368 1858 atque
384 1758 601 1835 transfundo
615 1755 876 1855 perpetualiter
890 1754 937 1829 ad
953 1753 1220 1851 polluendum,
1245 1756 1290 1835 da
1305 1762 1454 1855 reliqua,
1479 1771 1522 1834 ut

248 1862 368 1961 supro
383 1882 511 1956 usqm:
538 1860 675 1935 Altum
689 1859 728 1933 in
742 1850 959 1933 monasterio
984 1854 1198 1936 Lauroslmm
1217 1857 1395 1935 kalendas
1420 1860 1521 1935 Mar.
1580 1894 1591 1916 .

254 1963 308 2039 tii.
348 1961 506 2056 Signum
531 1957 760 2061 Jungerad'r,
788 1958 852 2055 qui
878 1956 976 2031 hanc
992 1955 1228 2031 donationem
1241 1960 1352 2047 fecit,
1377 1958 1520 2057 figuum

253 2061 480 2149 Hildibaldi,
508 2060 751 2151 Erkeobaldi‚
777 2057 992 2144 Ruduuini,
1018 2056 1260 2149 Giielhelmi,
1286 2062 1523 2153 Erkanfridi,

254 2163 469 2252 Gumberti,
494 2162 703 2239 Gummari.
754 2162 836 2257 Ego
851 2156 1230 2257 Harilandusscripsr.

818 2356 981 2452 CCCV.
1031 2397 1034 2401 “

493 2490 675 2584 Donario
703 2486 937 2584 Maurlaclri
952 2483 1141 2577 io'eadem
1168 2490 1275 2579 villa.

220 2730 223 2738 .
250 2668 351 2797 Ego
366 2657 406 2734 in
421 2658 490 2775 Dei
503 2660 651 2777 nomine
667 2655 977 2778 Mannum-dono
996 2656 1046 2733 ad
1057 2656 1220 2775 nostum
1235 2656 1303 2733 Dei
1317 2649 1524 2781 martyrem

331 2760 554 2847 Nuntium,
574 2784 638 2856 qur
651 2759 846 2857 requrescrt
866 2781 906 2833 m
930 2782 1078 2859 corpore
1102 2782 1144 2833 rn
1163 2782 1260 2861 pago
1285 2761 1457 2850 Rmenst,
1483 2788 1524 2843 rn

108 2850 114 2859 ¹
235 2856 490 2943 monasterio,
504 2864 605 2951 quod
618 2876 771 2934 vocatur
791 2860 1049 2947 Lamesham,
1075 2860 1349 2957 super-fluvium
1365 2863 1522 2941 Wiffcoz

253 2957 346 3045 sno,
368 2956 430 3032 vel
445 2957 493 3030 ad
518 2957 602 3029 illos
625 2957 746 3033 servos
771 2960 868 3043 Dei,
894 2960 960 3053 qui
984 2959 1123 3033 ibidem
1147 2962 1227 3035 Deo
1251 2960 1431 3052 serviunt,
1456 2966 1522 3042 ubi

252 3056 477 3139 venerabilis
501 3055 768 3134 Gundelandus
790 3058 887 3134 abba
900 3058 1045 3160 praere
1069 3060 1240 3151 videtur,
1265 3062 1522 3163 donatumque

252 3164 525 3263 imperpetuum
551 3154 620 3231 else
642 3160 754 3247 volo,
779 3158 818 3235 dr
831 3160 1092 3261 promptiffima
1106 3163 1300 3240 voluntate
1326 3168 1522 3257 confirmo,

170 3330 174 3339 .
251 3266 324 3341 hoc
339 3262 390 3338 est
405 3263 444 3336 in
453 3284 549 3359 pugo
566 3256 812 3357 Lobodoninso‚
839 3263 878 3337 in
890 3261 1165 3362 Hanrsrursluiar
1179 3266 1326 3341 vineam
1337 3267 1353 3363 j
1368 3290 1453 3364 quae
1469 3268 1522 3343 est

251 3366 372 3443 affinis
398 3361 567 3439 Ascrichi
582 3358 658 3449 r&
672 3362 717 3436 de
738 3386 814 3437 una
827 3363 947 3440 fronte
971 3365 1022 3439 est
1036 3378 1134 3441 terra
1158 3366 1400 3457 dominicata,
1422 3369 1521 3443 adie

187 3550 193 3561 ,
253 3468 430 3565 praesente
455 3466 501 3539 de
518 3462 602 3559 jure
616 3485 702 3537 meo
727 3460 838 3558 injus
853 3463 1203 3541 &dominationem
1227 3467 1336 3542 sandi
1351 3470 1399 3543 Ν.
1415 3468 1522 3543 trado

228 3624 230 3629 -
254 3580 366 3663 atque
381 3566 623 3653 transfundo,
649 3565 704 3641 ita
719 3579 762 3640 ut
775 3565 823 3641 ab
843 3566 915 3641 hac
929 3566 988 3639 die
1015 3567 1064 3639 ad
1078 3565 1197 3661 ipsum
1211 3569 1335 3640 locum
1359 3568 1522 3643 sanetum

209 3704 216 3721 ·
253 3660 312 3744 v'el
331 3668 378 3742 ad
393 3682 543 3760 agentes
556 3666 636 3763 ejus
652 3666 755 3743 omni
781 3678 944 3764 tempore
957 3664 1124 3760 proficiat
1139 3668 1177 3739 in
1193 3682 1448 3761 augmentum,
1462 3666 1522 3743 sti-

252 3768 440 3869 pulatione
469 3766 631 3844 subnixa.
684 3766 822 3843 Allum
845 3768 883 3841 in
905 3765 1121 3840 monasterio
1145 3764 1358 3841 Lauruham
1391 3792 1489 3843 anno
1504 3772 1540 3848 1·

113 3921 116 3928 Δ
223 3926 225 3931 ,
252 3870 393 3947 domini
408 3868 516 3943 nostri
533 3870 659 3945 Karoli
674 3868 799 3965 magni
815 3868 922 3965 regis.
948 3867 1108 3963 Signum
1126 3866 1331 3958 Maurlach,
1346 3871 1410 3969 qui
1425 3871 1523 3951 hauc

250 3972 487 4053 donatiouem
501 3968 600 4048 fecit
653 3970 806 4050 Samuel
831 3980 984 4067 rogatus
1000 3966 1147 4071 scripsit

701 4162 704 4167 ,
813 4090 995 4206 duaa
1195 4150 1199 4159 -
1285 4086 1468 4183 CCCVI.
