4000 5417
529 471 633 549 Sec.
660 467 767 551 VIII
794 412 992 547 Canobo
1017 490 1161 549 nucu.
1412 494 1456 551 ar

179 782 289 866 tunsa
305 777 522 855 nullatenus
536 776 603 853 else
617 777 775 867 videtur,
798 778 915 879 ipsam
929 776 1248 855 vinnamfaciendi
1262 778 1324 852 vei
1337 799 1462 854 emen·

181 883 301 959 dandi
322 878 537 981 potestatem
557 879 734 968 habeant,
759 882 797 956 in
811 896 992 979 quantum
1006 882 1060 957 eis
1086 904 1180 980 opus
1192 878 1331 966 fuerit,
1357 902 1458 977 pren·

183 985 274 1059 dere
289 983 351 1059 vel
366 981 548 1081 capulare.
571 981 750 1057 Similiter
764 984 997 1059 concedimus
1011 984 1058 1059 ad
1069 983 1270 1083 praefatum
1282 980 1458 1057 monalie·

184 1087 283 1161 rium
298 1085 336 1158 in
352 1084 425 1159 alia
440 1084 609 1172 marcha,
636 1106 719 1179 quae
732 1085 780 1159 ad
807 1084 848 1161 V
844 1085 1000 1160 iernheim
1014 1087 1191 1185 pertinet,
1217 1085 1264 1159 de
1274 1108 1370 1183 pago
1391 1084 1457 1159 Lo·

184 1184 320 1287 badense
336 1186 515 1282 usquead
538 1186 697 1265 fluvium
727 1184 782 1263 W
778 1188 894 1281 isgoz,
920 1189 1076 1286 qualiter
1089 1188 1189 1263 viam
1204 1187 1389 1283 integram
1410 1188 1458 1261 ad

185 1287 448 1363 carracandum
464 1286 538 1363 sive
551 1286 800 1383 itinerandum
825 1288 958 1365 habere
974 1291 1148 1378 debeant,
1174 1287 1212 1366 &
1225 1288 1330 1388 super
1341 1287 1457 1387 ipsum

183 1390 339 1465 liuvium
361 1390 400 1463 in
426 1404 552 1465 contra
572 1390 690 1489 ipsam
721 1390 820 1465 viam
842 1404 990 1488 pontem
1022 1392 1232 1467 laciendum
1253 1406 1333 1466 tam
1354 1390 1458 1488 super

183 1491 336 1566 fluvium
367 1490 531 1587 ngoz,
557 1514 672 1588 quam
689 1490 727 1566 δι
742 1490 845 1588 super
858 1492 951 1566 alios
965 1494 1077 1569 lacus.
1130 1494 1201 1569 Ista
1214 1494 1339 1569 omnia
1356 1516 1454 1582 vero,

182 1589 274 1671 ficut
298 1592 458 1693 superius
481 1592 651 1671 Insertum
666 1592 742 1681 est,
770 1606 849 1667 tam
863 1594 907 1669 de
927 1594 1039 1671 vinna
1062 1619 1177 1693 quam
1198 1593 1235 1671 dt
1256 1594 1359 1691 sylva
1380 1592 1453 1670 five

181 1694 328 1783 devia,
362 1696 409 1769 ad
425 1692 507 1791 jam
531 1696 667 1771 ditiam
692 1694 814 1770 casam
839 1694 907 1769 Dei
928 1720 994 1795 pro
1016 1699 1195 1773 mercedIs
1221 1688 1450 1794 nostraeaug·

165 1810 309 1870 mento
330 1796 576 1885 donavimus,
603 1796 862 1883 concessimus,
888 1812 1000 1894 atque
1016 1800 1055 1873 in
1073 1798 1246 1872 omnibus
1266 1799 1303 1872 in
1328 1821 1452 1897 perpe·

178 1908 291 1971 tuum
305 1894 493 1975 indultum
510 1897 576 1972 esse
597 1900 795 1987 volumuS,
821 1912 1008 1993 quatenus
1021 1896 1201 1973 nostris&
1215 1896 1348 1971 bituris
1361 1914 1454 1973 tem·

38 2008 39 2011 ’
178 1996 335 2095 poribus
356 1998 403 2071 ad
424 1998 540 2096 ipsum
564 1999 724 2075 santium
757 2001 883 2075 locum
907 2000 1073 2098 proficiat
1099 2000 1139 2072 in
1158 1998 1393 2091 augmentis,
1417 1996 1458 2074 bt

179 2112 223 2175 ut
247 2099 383 2172 melitis
408 2097 560 2175 delesset
578 2102 692 2200 ipsam
718 2102 1046 2197 congregationem
1066 2123 1132 2199 pro
1156 2100 1263 2175 nobis
1283 2097 1323 2177 bt
1347 2120 1460 2174 uxore

176 2198 299 2275 nostra
312 2200 423 2275 etiam
437 2198 476 2276 ἀ
495 2202 599 2299 prole
623 2202 775 2277 Domini
790 2201 1078 2277 misericordiam
1092 2199 1282 2277 adtentius
1291 2222 1455 2275 exorare.

177 2302 228 2375 Et
249 2314 294 2376 ut
314 2300 396 2377 haec
410 2302 606 2379 auctoritas
631 2304 770 2379 firmior
795 2302 1011 2390 habeatur,
1044 2327 1087 2378 ac
1100 2326 1167 2401 per
1186 2317 1352 2399 tempora
1377 2322 1456 2375 me·

105 2444 110 2453 ·
178 2402 250 2478 lius
264 2403 520 2491 conservetur,
547 2428 660 2481 manu
668 2405 816 2505 propria
831 2402 1185 2481 subterfirmavimus
1192 2458 1205 2503 ἱ
1230 2401 1268 2479 dc
1282 2402 1329 2477 de
1342 2403 1456 2477 anulo

177 2504 293 2579 nostro
308 2504 453 2601 figillari
464 2502 638 2603 juffimus.
669 2509 813 2581 Datum
829 2505 868 2579 in
890 2505 1013 2580 mense
1038 2505 1212 2607 januario
1232 2528 1328 2580 anno
1348 2503 1455 2581 VIIII
1480 2519 1552 2597 Jan.
1567 2540 1646 2609 777.

177 2608 279 2701 regni
303 2607 421 2682 nostri.
446 2606 583 2683 Alium
608 2610 802 2711 Hariflellr'o
829 2608 969 2706 palatio
986 2608 1133 2707 publico
1147 2609 1188 2683 in
1214 2606 1283 2683 Dei
1305 2605 1456 2683 nomine

176 2706 341 2784 feliciter.
392 2710 496 2784 Rado
510 2712 559 2785 ad
571 2712 691 2787 vicem
713 2709 901 2787 Luitberti
925 2710 1135 2807 recognovi.

179 2948 182 2953 ·
240 2905 333 2991 revi
364 2910 387 2955 ³*
427 2902 574 2989 dehinc
596 2907 812 3017 interjeiiu
826 2912 1030 3025 temporis
1066 2908 1368 3001 Gundelandus
1393 2908 1663 2996 ist‘bednoeu

264 3016 396 3103 stante
413 3017 485 3103 fibi
502 3017 658 3105 divinae
675 3022 909 3107 vocationis
936 3024 1084 3111 bravio
1101 3024 1209 3109 misit
1226 3022 1279 3109 ad
1305 3052 1350 3109 re
1377 3050 1448 3107 em
1676 3043 1680 3047 '

179 3131 461 3244 Aquisgrani,
489 3125 766 3219 consulens&
782 3131 1029 3237 obsecrans,
1057 3160 1263 3249 quatenus
1288 3140 1328 3220 ei
1351 3050 1448 3221 iice-

178 3266 243 3328 ret
271 3265 515 3329 extremum
541 3244 646 3325 vitae
682 3244 845 3331 cursum
867 3248 954 3356 jam
983 3251 1200 3363 peragenti
1232 3244 1368 3361 aliqua
1395 3246 1448 3331 de

177 3355 413 3441 monasterii
438 3354 566 3437 rebus
589 3355 796 3467 impendia
810 3386 888 3472 pro
914 3362 1067 3444 animae
1088 3360 1274 3445 remedio
1298 3386 1450 3489 paupe·

177 3496 273 3556 rum
296 3466 538 3581 indigentiae
563 3492 827 3581 praerogare,
855 3472 929 3599 qui
951 3492 1001 3555 ut
1025 3492 1116 3555 erat
1138 3498 1282 3584 pronae
1300 3498 1344 3553 rn
1362 3496 1450 3552 om·

174 3610 251 3670 nes
280 3576 514 3665 clementiae
537 3576 581 3665 δι
606 3583 814 3667 maximae
842 3608 951 3663 eirca
975 3583 1123 3693 inopes
1145 3606 1241 3664 com
1268 3580 1449 3682 alIronis,

174 3688 342 3779 indulsit
358 3694 397 3775 ei
414 3692 580 3777 tertiam
607 3714 773 3809 partem
794 3718 935 3778 rerum
955 3690 1160 3779 duntaxat
1177 3608 1449 3782 nobiliumn

202 3830 410 3919 auperum
453 3834 514 3915 ‚ro
525 3807 698 3893 arbitrio
724 3802 799 3893 suo
817 3802 1158 3893 distributionem.
1193 3804 1447 3894 Inlhuantur

171 3835 257 4003 boc
274 3830 470 4032 exempbb
494 3920 618 4007 noliri
644 3922 848 4037 temporis
877 3916 1138 4007 ecclesiarum
1154 3916 1346 4051 praeiatI,
1374 3924 1447 4033 qui

177 4032 303 4120 rebus
334 4031 548 4122 earmn&
583 4032 886 4151 possessionibus
917 4032 989 4121 fibi
1021 4032 1193 4136 creditis
1225 4026 1445 4127 insolenter

799 4146 891 4265 03
1039 4286 1044 4297 Ι
1225 4147 1389 4249 *abu-
1452 4225 1498 4274 ·‚
