4000 5417
1096 331 1448 414 salomones

1084 761 1089 770 ἱ
1154 639 1384 732 DLXXII.
1801 683 1804 690 ·

825 769 1007 868 Donetio
1039 769 1110 868 W
1100 772 1284 886 alfgrimi
1312 771 1355 860 ia
1382 770 1513 862 eadem
1539 773 1649 862 ailla.

601 937 841 1082 Anno-XIII
855 940 958 1038 regni
971 939 1111 1017 domini
1126 939 1236 1016 nostri
1250 940 1377 1018 Karoli
1391 942 1491 1038 regis
1502 939 1645 1038 gloriosi
1662 963 1731 1038 ego
1751 940 1841 1020 Wolf·

690 1043 787 1140 grim
803 1045 898 1120 dono
919 1043 1144 1120 adrandum
1168 1043 1464 1141 Delamartyrem
1491 1043 1700 1120 Nazarium
1712 1043 1775 1120 &a
1796 1067 1841 1140 pro

603 1147 739 1224 animae
755 1167 849 1223 meae
864 1145 1028 1222 remedio
1050 1145 1089 1220 iu
1109 1169 1204 1244 pago
1229 1144 1461 1245 Lebedoninse
1469 1143 1499 1243 jj
1521 1146 1652 1222 vineas
1667 1171 1692 1222 a
1709 1145 1762 1220 die
1774 1166 1842 1244 gre·

449 1273 454 1286 ¹
603 1247 693 1326 senti
708 1250 813 1326 trado
831 1263 941 1346 atque
956 1247 1173 1324 transfundo
1187 1247 1227 1322 in
1240 1248 1310 1323 Dei
1325 1249 1474 1324 nomine
1488 1247 1561 1325 dec.
1587 1246 1726 1324 Altum
1739 1248 1842 1322 inmo

422 1369 476 1443 ογ.
497 1353 573 1436 Jun.
604 1351 758 1428 nesterio
782 1350 998 1426 lauresham
1026 1351 1062 1428 V
1086 1349 1266 1428 kalendas
1291 1351 1391 1451 Julii.
1442 1349 1603 1446 Signum
1636 1349 1842 1450 wolfgrin,

603 1453 670 1554 qui
684 1453 784 1534 hanc
795 1453 1033 1532 donationem
1055 1451 1156 1530 fecit
1207 1453 1395 1530 Rudolfus
1420 1449 1571 1557 senpfit.

1002 1715 1006 1720 -
1133 1653 1383 1746 DLXXlIl.

859 1789 1041 1882 Donatio
1069 1788 1262 1902 Rutsridi
1291 1788 1333 1874 ia
1352 1786 1484 1882 eaden
1510 1783 1621 1875 villa.
1727 1829 1736 1837 ·

604 1965 706 2097 Ego
718 1954 758 2034 in
783 1955 852 2036 Dei
873 1958 1023 2034 nomine
1047 1955 1194 2034 Ratlrid
1214 1955 1312 2030 dono
1326 1955 1375 2030 ad
1394 1955 1557 2030 laneum
1583 1953 1655 2030 Dei
1676 1965 1845 2050 martyrem

685 2055 965 2138 Nazariumdm.
994 2083 1110 2158 unum
1118 2057 1257 2156 jurnel.
1282 2057 1329 2134 de
1345 2072 1442 2134 terra
1461 2056 1626 2132 araturia
1641 2057 1679 2132 in
1701 2057 1845 2132 Maeuia

605 2157 691 2235 nrm
707 2185 731 2238 a
745 2163 803 2238 die
815 2161 999 2262 praesenti,
1025 2175 1070 2238 ut
1084 2161 1257 2259 deinceps
1269 2160 1393 2236 locum
1409 2161 1457 2237 ad
1467 2159 1587 2258 ipsum
1605 2155 1846 2234 sanllumomni

604 2273 768 2363 tempore
791 2263 956 2363 proficiat
981 2263 1022 2340 in
1041 2260 1250 2360 augmentis
1272 2259 1502 2362 stipulatione
1522 2261 1681 2337 subnixe
1729 2258 1846 2336 Alium

417 2393 470 2462 30.
488 2377 552 2454 Jul,
604 2361 645 2438 in
671 2365 885 2442 monasterio
911 2366 1126 2440 Laureolum
1150 2365 1202 2441 lll
1223 2365 1406 2441 kalendas
1431 2361 1614 2458 Augusti,
1644 2386 1733 2438 anno
1752 2359 1849 2435 Xllll

605 2465 710 2560 regni
727 2467 864 2542 domini
881 2467 990 2542 nostri
1017 2467 1145 2543 Karoli
1164 2465 1273 2564 regis.
1299 2467 1458 2565 Signum
1485 2463 1659 2552 Ratfridr',
1681 2462 1739 2558 qui
1757 2461 1845 2534 hanc

605 2565 844 2648 donationem
870 2567 958 2643 fecit
981 2620 992 2658 ,
1019 2568 1163 2668 signum
1197 2568 1358 2660 Eserici,
1390 2563 1632 2656 Berethlridi,
1660 2560 1850 2642 Benuonis.

605 2667 815 2746 Grimarius
840 2668 985 2770 scripsit.
1134 2687 1142 2694 '

1166 2871 1419 2968 numeru.
1541 2818 1551 2828 ⁴

862 2999 1042 3094 Donetio
1076 3006 1288 3096 Trutbaldi
1308 3006 1356 3096 r'n
1383 3003 1670 3106 Manainler'm.

482 3249 488 3264 ,
605 3167 768 3306 Eodem
782 3192 880 3246 anno
893 3193 961 3247 nos
977 3175 1016 3250 in
1042 3173 1111 3249 Dei
1128 3174 1275 3248 nomine
1300 3173 1479 3252 Trutbald
1493 3172 1533 3251 dt
1547 3170 1687 3268 conjux
1703 3191 1782 3246 mea
1794 3167 1856 3244 He

426 3269 429 3279 '
684 3272 768 3349 lena
784 3271 965 3352 donamus
981 3277 1029 3352 ad
1043 3276 1204 3352 santium
1217 3273 1348 3351 Christi
1360 3291 1568 3374 martyrem
1595 3267 1856 3352 Nazariumuc.

577 3391 587 3412 ·
607 3372 646 3448 in
671 3375 913 3450 Munninlreim
930 3373 959 3474 jj
981 3375 1119 3475 jurnal.
1133 3378 1291 3454 deterre
1305 3380 1466 3455 araturia
1480 3379 1520 3454 in
1546 3376 1619 3453 Dei
1635 3377 1781 3454 nomine
1794 3391 1859 3472 per·

609 3476 809 3576 petueliter
833 3479 882 3554 ad
913 3479 1160 3579 poffidendum
1193 3475 1423 3578 stipulatione
1454 3480 1623 3557 subnixa.
1680 3473 1861 3557 Aeumn

440 3623 471 3678 1‘
486 3603 577 3677 Mag·
609 3580 828 3656 monasterio
854 3581 1069 3658 laneam
1101 3584 1280 3660 kalendas
1315 3583 1443 3661 Martii
1458 3611 1474 3673 ,·
1495 3607 1622 3672 anno,
1661 3605 1740 3681 quo
1764 3580 1860 3677 lupra-

349 3691 357 3706 “
607 3679 763 3776 Signum
789 3683 980 3760 Trutbaldi
995 3685 1034 3761 dt
1060 3686 1234 3774 Helenae,
1261 3686 1324 3783 qui
1340 3688 1437 3763 hanc
1461 3685 1710 3764 donationem
1722 3685 1866 3764 feceruut

605 3780 645 3860 dt
660 3781 800 3862 firmari
813 3802 1048 3883 rogaverunt
1101 3788 1311 3866 Grimarius
1330 3787 1458 3890 scripsi.
1510 3833 1521 3856 ι
1902 3786 1903 3841 ³

1514 4049 1520 4058 ·
1643 4017 1834 4129 nnn.
1901 4092 1902 4133 r
