4000 5417
599 423 656 482 nt
683 419 808 480 enon
833 400 1126 482 Ranusnsr.
1408 427 1511 502 .311

238 721 362 806 turia,
388 715 428 792 dc
443 708 622 811 quidquid
636 707 774 783 ibidem
786 706 923 783 habere
939 706 1039 784 visus
1064 705 1144 782 sum
1161 761 1172 796 ,
1197 705 1352 804 campis,
1368 707 1506 805 pratis,

237 821 401 922 pascuis,
427 813 582 915 perviis,
607 809 723 896 silvis,
749 810 872 907 aquis,
899 831 1128 907 aquarumve
1144 805 1365 897 decursibus,
1382 810 1510 889 omnia

209 931 213 936 ’
237 923 277 1000 &
291 947 339 997 ex
354 917 550 1002 omnibus,
576 911 615 1013 dc
629 911 823 1011 mancipiis
836 910 896 986 his
910 911 1135 999 nominibus,
1162 909 1340 996 Gerlach,
1367 909 1406 987 δι
1421 936 1509 990 con·
1551 977 1555 988 .

233 1019 305 1118 jux
319 1017 399 1115 ejus
426 1014 646 1112 Reginhilt,
672 1011 886 1088 &infantes
900 1035 1029 1088 eorum
1045 1037 1088 1100 v,
1102 1011 1223 1100 Wolf,
1249 1008 1509 1100 Ruthilt,Ger·

237 1122 358 1209 drud,
384 1117 584 1205 Mimihilt,
610 1112 649 1190 &
663 1113 844 1189 infantem
855 1110 884 1208 j,
909 1114 1100 1202 Theodols,
1127 1112 1322 1190 Gersunint
1337 1113 1375 1190 δι
1390 1116 1510 1193 insan-

237 1234 297 1300 tes
311 1245 439 1298 eorum
450 1218 504 1316 jjj,
531 1216 627 1294 Atta
639 1215 678 1291 dt
692 1225 767 1290 tres
789 1214 968 1305 infantes,
994 1215 1230 1314 &quidquid
1249 1215 1286 1291 in
1300 1215 1511 1316 supellectili
1642 1219 1646 1232 “

236 1323 374 1422 habere
395 1323 592 1407 videntur,
617 1317 782 1416 exceptis
807 1315 926 1393 tribus
948 1316 1108 1406 mansis,
1135 1317 1239 1395 aliud
1260 1329 1379 1394 totum
1394 1317 1433 1395 &
1459 1318 1509 1397 ad

236 1426 443 1523 integrum,
459 1439 539 1500 tam
554 1418 697 1516 majora
718 1440 832 1518 qnam
846 1419 1007 1510 minora,
1034 1420 1232 1496 mobilibus
1247 1442 1359 1517 quam
1372 1420 1509 1497 immo-

141 1565 156 1623 χ
237 1528 400 1616 bilibus,
426 1549 450 1602 a
471 1525 531 1601 die
544 1522 720 1623 praesente
734 1520 781 1596 de
802 1518 884 1615 jure
900 1542 984 1596 meo
1005 1521 1044 1596 in
1060 1519 1123 1617 jus
1145 1520 1184 1598 &
1216 1521 1508 1601 dominationem

238 1630 348 1708 sanffl
364 1630 410 1706 N.
425 1628 533 1703 trado
549 1637 661 1721 atque
676 1621 921 1710 transfundo,
947 1618 990 1698 ὅ
1016 1625 1149 1718 reliquo
1162 1645 1288 1718 usqm:
1314 1622 1452 1700 Assum
1467 1625 1509 1704 in

236 1729 455 1808 monasterio
479 1725 716 1813 Laureolum,
742 1734 907 1822 ternpore
932 1743 1009 1818 quo
1033 1720 1150 1818 supra.
1202 1721 1360 1816 Signum
1385 1725 1508 1820 Hugi·

234 1832 367 1906 mundi
384 1828 534 1915 clerici,
560 1829 625 1924 qui
638 1827 736 1900 hanc
757 1820 1115 1924 donationem'secit,
1141 1819 1284 1917 signum
1298 1822 1508 1914 Frickonis,

234 1931 420 2025 Rudingi,
446 1928 624 2026 Filwola,
649 1927 882 2014 Salemanni,
909 1923 1106 2012 Gerwini,
1130 1921 1346 2010 Udilhelmi,
1368 1921 1508 2000 Adolo-

233 2032 312 2122 nis,
337 2026 535 2120 willonis,
550 2028 750 2120 Bernheri,
776 2026 989 2107 Thindonis.
1017 2025 1099 2124 Ego
1116 2024 1363 2123 Reginbertus
1378 2024 1507 2126 scripsi.

811 2227 987 2322 CCXII·
1132 2314 1133 2320 a

227 2361 408 2459 Donatio
437 2361 635 2455 Adelradi
661 2359 894 2474 Engilboldi
919 2357 973 2454 ds
990 2350 1218 2449 Eberbildis
1252 2354 1297 2442 sn
1323 2351 1505 2448 Oncular

320 2505 424 2566 anno
440 2476 596 2567 XIIII
605 2473 754 2562 domini
769 2473 895 2585 unsri
912 2469 1060 2561 Karolr'
1084 2468 1223 2582 magni
1240 2468 1408 2582 impera·

458 2586 563 2676 toris
575 2586 848 2702 gloriofifflmi,
876 2580 1095 2676 Helmerico
1111 2582 1263 2675 abbate,

226 2760 280 2893 In
293 2751 363 2826 Dei
375 2750 522 2825 nomine
536 2775 604 2825 nos
617 2750 851 2837 Adelradus,
878 2727 1125 2848 Enssilbaldns
1138 2745 1178 2824 δι
1195 2744 1406 2824 Eberhildis
1429 2746 1497 2823 do·

229 2949 240 2968 ·
280 2869 416 2924 namus
436 2849 485 2961 pd
509 2849 668 2962 santium
680 2852 728 2924 N.
750 2863 974 2963 martyrem,
1000 2851 1066 2947 qui
1083 2849 1275 2946 requiescit
1290 2849 1330 2923 in
1349 2872 1502 2968 corpore

227 2943 866 3147 sntfliffltstlattsffll
875 2952 1013 3158 lulis}
1032 2948 1503 3141 iilssstirifillifinsd

228 3150 461 3249 subjungitur
473 3150 520 3225 de
536 3173 610 3223 uno
627 3149 742 3225 latere
754 3149 860 3225 fiscus
869 3154 991 3250 regis,
1018 3175 1041 3228 a
1057 3152 1115 3228 die
1133 3139 1307 3254 prasente
1323 3155 1427 3232 trado
1444 3168 1500 3228 at·

227 3276 301 3353 que
326 3251 563 3338 transfundo,
589 3273 715 3348 usqua:
741 3253 903 3328 multam
927 3253 1098 3330 sustineat
1122 3255 1202 3329 auri
1218 3255 1346 3330 uncias
1366 3254 1414 3350 jj,
1440 3273 1498 3327 ar-

224 3357 327 3460 genti
342 3358 502 3455 pondera
519 3355 607 3441 tria,
633 3347 676 3429 ὅ
688 3374 820 3448 usqae:
844 3352 983 3430 Assum
997 3355 1037 3428 in
1051 3353 1266 3431 monasterio
1281 3353 1499 3426 rainonem

224 3455 293 3530 sub
307 3458 365 3534 die
390 3457 462 3535 XV
475 3455 655 3533 kalendas
678 3455 851 3530 Febmar.
873 3455 1032 3550 Signum
1047 3453 1246 3542 Adelradi,
1271 3451 1498 3548 Engilbaldi,
1547 3457 1599 3525 18·
1609 3445 1682 3525 tn.

225 3554 464 3643 Eberhildis,
490 3559 555 3654 qui
575 3559 672 3634 hanc
703 3551 943 3630 donationem
968 3556 1162 3640 fecerunt,
1188 3553 1331 3647 fignum
1358 3553 1498 3630 Frowi·

221 3655 337 3838 iffii'
358 3657 707 3838 {tgpclpmlLuttsriQ
720 3651 886 3744 Rudolfi,
902 3652 1169 3752 Engilrammi,
1182 3652 1390 3750 Reginoldi,
1404 3650 1498 3754 Spa·

320 3809 333 3849 ,
389 3783 413 3836 o
475 3760 562 3840 odi.

1073 4001 1076 4006 ·
1222 3975 1434 4106 -ocxr'n
