4000 5417
557 450 1176 532 rnnnnocononnnnnsr.
1282 424 1333 548 ,Δ
1417 456 1491 557 365

226 620 756 649 W

226 682 403 706 *-
966 670 1497 699 NJ

766 755 955 850 CCXCI.

483 882 662 977 Donatio
679 880 897 973 Lintsrelmi
914 885 956 972 in
972 888 1102 974 eadem
1119 887 1226 975 uilla.
1261 848 1267 855 .

228 1066 444 1197 Regnante
461 1054 609 1128 domino
634 1052 751 1128 nostro
776 1053 928 1152 Pippino
944 1076 1056 1150 rege,
1082 1078 1179 1129 anno
1193 1053 1272 1145 XV·
1286 1055 1389 1152 regni
1402 1053 1494 1151 ejus,

313 1180 381 1252 ego
401 1155 588 1257 Liuthqlm
611 1156 707 1229 dono
729 1176 844 1229 manu
859 1154 1077 1252 potestativa
1093 1180 1158 1253 pro
1183 1157 1344 1230 remedio
1361 1160 1497 1236 animae

228 1282 323 1335 meae
340 1258 378 1333 dc
402 1256 564 1339 Witheri
580 1256 629 1331 ad
642 1254 802 1331 sancium
830 1254 898 1329 Dei
913 1271 1117 1353 martyrem
1130 1256 1344 1347 Nazarium,
1360 1260 1425 1357 qui
1440 1283 1498 1336 re·

230 1360 384 1459 quiescit
398 1359 436 1433 in
452 1380 602 1459 corpore
619 1357 656 1431 in
672 1377 768 1455 pago
794 1354 969 1445 Rinenfi,
997 1359 1035 1431 in
1049 1356 1284 1445 monasterio,
1309 1362 1409 1457 quod
1431 1380 1497 1437 vo·'

229 1477 336 1539 catur
361 1460 610 1547 Lauresham,
637 1457 708 1552 hoc
723 1454 774 1531 est
781 1508 792 1545 ‚
818 1477 896 1531 rem
914 1480 1038 1535 meam
1050 1458 1193 1558 inpage
1206 1458 1442 1567 Lobodonenfi,
1457 1463 1499 1539 in

228 1560 524 1661 Hantscuhessreim
540 1561 688 1636 vineam
698 1554 713 1654 j
730 1570 915 1633 tenentem
930 1559 1144 1635 scamellum
1152 1558 1168 1654 j
1183 1560 1222 1636 dr
1236 1574 1371 1637 terram
1379 1565 1427 1640 ad
1442 1566 1497 1641 vi·

227 1688 337 1741 neam
352 1663 583 1749 faciendam,
611 1661 717 1737 trado
732 1672 845 1757 atque
867 1660 1124 1735 transfundoa
1138 1659 1196 1734 die
1222 1662 1423 1758 praesente,
1449 1680 1495 1742 ut

228 1767 400 1863 deinceps
425 1763 473 1837 ad
495 1763 611 1860 ipsum
633 1764 757 1836 locum
776 1759 937 1834 sensium
951 1760 1010 1834 vel
1026 1759 1075 1832 ad
1100 1778 1251 1853 agentes
1264 1762 1374 1859 ipsius
1395 1768 1497 1841 omni

226 1880 394 1963 ternpore
408 1862 573 1961 proficiat
589 1862 628 1937 in
644 1875 884 1957 augmentum
900 1860 1130 1958 stipulatione
1144 1859 1308 1936 subnixa.
1361 1862 1498 1942 Arium
1817 1948 1820 1956 ,

228 1965 269 2041 in
283 1964 499 2041 monasterio
512 1963 725 2037 Laurersrnm
741 1964 775 2041 V
790 1962 970 2037 kalendas
985 1960 1086 2059 Sept.
1112 1960 1270 2056 Signum
1284 1963 1500 2055 Liuthelmi,
1531 1988 1584 2056 28.
1601 1981 1686 2071 Aug,

229 2068 295 2163 qui
308 2066 404 2141 hanc
419 2064 657 2139 donationem
674 2062 938 2159 fecit,s1gnunr
963 2060 1190 2146 Gisehelmi,
1213 2062 1414 2155 Landonis,
1432 2068 1500 2145 Er·

225 2166 321 2257 must,
337 2164 523 2255 Rutberti,
550 2164 772 2261 Wolfgrimi.
827 2164 908 2259 Ego
922 2161 1076 2241 Samuel
1089 2176 1248 2265 ¹rogatus
1265 2162 1395 2265 scripsi.

626 2340 636 2408 r
776 2364 984 2461 ccxcii.

254 2493 434 2589 Donario
450 2489 624 2587 Enoria
640 2491 692 2609 ‚in
710 2490 839 2579 eadem
865 2492 961 2577 nisa
978 2490 1157 2608 Pippini
1172 2520 1289 2609 rege,
1317 2497 1471 2590 Gundr.

705 2602 823 2692 lando
852 2605 1005 2691 abbate.
1081 2698 1085 2703 .
1445 2656 1447 2660 ι

228 2775 390 2909 Eodem
407 2796 502 2849 anno
519 2770 622 2867 regni
638 2770 779 2847 domini
793 2766 903 2846 nostri
929 2768 1073 2871 Pippini
1086 2772 1182 2872 regis
1195 2796 1265 2871 ego
1284 2772 1443 2855 Emihilt
1460 2776 1500 2856 in

309 2872 441 2947 Christi
457 2874 604 2943 nomine
627 2872 723 2945 dono
737 2895 802 2968 pro
825 2872 987 2945 remedio
1004 2876 1139 2951 animae
1154 2900 1248 2953 meae
1273 2877 1322 2951 ad
1338 2877 1501 2957 sancium

230 2973 301 3049 Dei
314 2983 520 3062 martyrem
545 2970 764 3054 Nazarium,
791 2970 856 3063 qui
876 2972 1066 3065 requiescit
1080 2973 1126 3058 ,in
1149 2997 1245 3071 pago
1260 2976 1405 3053 Rinensr
1420 3000 1499 3056 cor·

229 3096 327 3175 pore,
343 3072 382 3145 in
402 3064 644 3151 monasterio,
668 3068 768 3165 quod
790 3082 944 3145 vocatur
969 3072 1211 3164 Lauresham‚
1227 3076 1330 3175 super
1342 3078 1499 3158 fluvium

230 3172 386 3255 Wisscoz
404 3169 485 3255 sito,
509 3167 574 3243 ubi
593 3169 810 3245 venerabilis
826 3170 1093 3249 Gundelandus
1110 3175 1226 3253 abbas
1240 3178 1385 3277 praeesse
1399 3182 1498 3258 vide·

229 3288 308 3365 tur,
335 3276 405 3349 hoc
421 3270 491 3357 est,
518 3268 666 3344 vineam
682 3292 806 3347 meam
820 3270 859 3346 in
884 3271 1181 3373 Hanrscusressuim
1196 3278 1273 3368 ita,
1299 3294 1344 3356 ut
1363 3282 1496 3358 abhuc

229 3378 289 3453 die
304 3376 342 3453 δι
364 3375 535 3471 deinceps
563 3369 611 3445 ad
627 3368 745 3468 ipsum
768 3374 892 3449 locum
916 3373 1078 3450 fandum
1101 3379 1202 3453 omni
1226 3394 1389 3477 tempore
1414 3405 1497 3479 pro·

229 3478 329 3551 ficiat
354 3478 393 3549 in
419 3489 660 3570 augmentum
682 3472 907 3571 stipulatione
930 3476 1096 3552 subnixa.
1148 3476 1285 3555 Acium
1305 3482 1344 3554 in
1369 3504 1498 3557 mona·

229 3577 334 3651 sterio
360 3578 572 3648 Lauressram
588 3574 649 3647 sub
664 3574 722 3648 die
741 3575 789 3650 ΙΙΙ
806 3573 888 3647 idus
904 3576 1015 3673 Junii.
1067 3576 1222 3669 Signum
1237 3580 1421 3666 Emehilt‚
1437 3582 1500 3678 qui
1541 3624 1590 3672 11,
1601 3608 1677 3685 Μ,
1750 3658 1754 3663 ,

229 3678 327 3753 hanc
351 3674 584 3749 donationem
616 3672 696 3752 fieri
717 3673 756 3753 δι
790 3673 930 3753 firmari
950 3676 1119 3776 rogavit,
1146 3675 1287 3773 figuum
1303 3682 1497 3760 Guntheri.

156 3806 158 3811 ·
215 3780 316 3873 *Ego
337 3776 489 3851 Samuel
502 3775 630 3873 scripsi.

700 4078 702 4083 ·
807 4061 940 4184 223
1045 4173 1049 4178 ,
1216 4065 1444 4201 currem.-
