4000 5417
490 473 595 555 Suc
621 475 676 555 XI
701 474 936 555 Hammo
962 477 996 555 ss
1023 494 1163 558 aaut.
1388 430 1459 585 151¹

191 696 720 717 -n-—u--a-t-
1281 700 1458 719 ’.Ι-1.·-

188 808 266 861 mm
295 782 531 883 &stipendia
558 778 825 857 monachomm
838 779 982 859 ibidem
1008 784 1089 859 Dm
1104 784 1370 861 famulantium
1394 812 1457 885 pe-

188 888 361 963 rennibus
375 883 600 983 temporibus
624 881 790 981 proficiat
803 884 843 958 in
869 888 1091 981 augmentis.
1144 886 1196 961 Et
1226 888 1455 984 quandoqui-

187 988 270 1063 dem
286 988 415 1063 diviua
429 985 619 1061 vocatione
635 983 854 1083 supradictus
880 987 994 1063 abbas
1012 988 1074 1062 vel
1089 986 1301 1064 succeiiores
1314 987 1394 1083 ejus
1408 992 1453 1065 de

184 1088 254 1165 hac
272 1088 356 1163 luce
383 1087 650 1183 migraverint,
676 1107 789 1182 quam
816 1086 880 1161 diu
901 1088 963 1187 ipst
989 1088 1164 1165 monachi
1184 1088 1282 1165 inter
1298 1092 1334 1166 se
1361 1092 1454 1167 tales
1548 1166 1555 1187 ,

184 1190 349 1268 invenire
363 1189 563 1287 potuerint,
591 1187 653 1286 qui
668 1186 782 1285 ipsam
797 1192 1116 1286 congregationem
1132 1190 1330 1268 secundum
1345 1216 1454 1289 regu·

144 1362 148 1392 ‚
183 1292 262 1367 lam
275 1290 386 1367 santii
411 1288 597 1367 Beneditti
611 1312 735 1384 regere
749 1291 916 1379 valeant,
931 1292 1103 1391 perhanc
1118 1294 1374 1369 auctoritatem
1388 1319 1455 1369 no·

182 1391 263 1469 strae
279 1390 593 1479 confirmationis,
619 1390 709 1467 ficut
721 1391 823 1488 prius
836 1390 1024 1470 habebant
1044 1418 1092 1467 ex
1107 1394 1279 1472 consensu
1304 1396 1453 1471 Ottonis

180 1493 414 1592 imperatoris
429 1492 587 1588 augusti,
606 1490 796 1567 licentiam
809 1492 972 1571 habeant
979 1487 1137 1590 eligendi
1151 1494 1340 1585 abbatem,
1356 1520 1451 1594 qua·

181 1596 282 1671 tinus
308 1594 372 1693 ipfi
393 1595 485 1671 servi
510 1594 603 1681 Dei,
631 1594 694 1689 qui
709 1594 847 1669 ibidem
879 1596 958 1671 Deo
972 1594 1217 1685 famulantur,
1244 1622 1307 1695 pro
1323 1598 1448 1687 nobis,

180 1695 386 1793 dilectaque
399 1694 553 1792 conjuge
570 1694 690 1769 nostra
715 1696 962 1789 cunigunda,
988 1696 1037 1770 ad
1060 1696 1182 1770 Deum
1195 1698 1347 1773 devotas
1369 1724 1451 1796 pre·

180 1820 244 1873 ces
269 1796 473 1881 effundant.
527 1798 578 1871 Et
603 1810 645 1871 ut
669 1795 752 1873 haec
787 1794 982 1869 auctoritas
1014 1793 1144 1873 nostrae
1168 1794 1454 1873 confirmationis
1505 1848 1511 1860 ι

67 1978 70 1987 .
178 1898 271 1972 hinc
288 1898 326 1974 δι
341 1900 379 1973 in
404 1910 621 1997 perpetuum
635 1896 744 1971 firma
760 1910 994 1995 permaneat,
1021 1917 1139 1971 manu
1151 1898 1295 1997 propria
1305 1897 1455 1974 firman·

178 2012 267 2086 tes,
303 1997 408 2093 sigilli
439 1998 549 2079 nostri
589 1997 814 2096 impreffione
848 1996 978 2092 fignari
997 1994 1176 2092 juiltmus.
1228 1998 1455 2093 Eigilbertus

178 2101 426 2175 cancellarius
443 2103 521 2177 vice
547 2098 701 2193 Wiligifi
716 2098 999 2195 archicapellani
1024 2100 1232 2192 recognovi.
1284 2100 1386 2174 Data
1407 2098 1457 2173 ΙΙΙ
1550 2168 1557 2183 ,

175 2200 361 2277 kalendas
386 2194 565 2287 Octobris,
590 2224 687 2275 anno
713 2199 923 2273 Dominicae
955 2199 1219 2275 incarnationis
1243 2200 1339 2287 ΜΙΙ,
1365 2198 1457 2275 indi·
1488 2238 1640 2330 ,asem

176 2300 349 2501 gionzsil,
376 2324 473 2377 anno
499 2322 587 2377 vero
607 2300 748 2378 domini
763 2298 942 2377 Heinrici
962 2298 1210 2401 regis,primo.
1261 2296 1403 2379 naum
1418 2301 1458 2377 in
1511 2347 1609 2401 1002,

210 2428 270 2477 rut
314 2428 372 2477 oo.

176 2600 311 2777 Idem
340 2628 506 2717 quoque
530 2614 612 2695 rex
638 2602 853 2719 quendam
879 2601 1046 2691 servum
1061 2596 1183 2689 suum
1211 2602 1456 2693 Benzonem

238 2731 342 2801 c‘um
361 2716 593 2828 posteritate
609 2711 681 2802 lua
695 2712 836 2805 tanao
847 2714 1033 2805 Nazario
1042 2714 1214 2807 tradidit
1224 2714 1301 2804 hoc
1309 2718 1454 2809 modo.
1591 2825 1599 2847 ἱ

565 3038 566 3041 ¹
735 2922 977 3017 LXXXX.

233 3203 243 3217 ,
420 3072 598 3165 Donatio
626 3072 810 3164 Heinrici
837 3076 883 3165 de
910 3078 1076 3193 quodum
1093 3080 1228 3198 servo.
1268 3200 1273 3211 '

176 3256 230 3385 ln
250 3242 404 3321 nomine
438 3240 570 3316 sanaae
596 3235 635 3314 δι
659 3238 857 3321 individuae
881 3244 1083 3321 Trinitatis.
1134 3246 1376 3325 Hmnmcus
1399 3248 1456 3323 di·

230 3346 322 3423 vina
347 3344 498 3419 favente
525 3341 724 3419 clementia
756 3365 834 3417 rex.
886 3346 1068 3421 Omnibus
1098 3345 1176 3423 Stae
1200 3348 1269 3422 Dei
1293 3346 1455 3425 ecclestae

176 3446 370 3535 fidelibus,
398 3441 634 3541 praesentibus
648 3440 785 3516 scilicet
800 3440 837 3517 δι
853 3442 1007 3533 iumris,
1032 3444 1255 3522 notumiieri
1267 3440 1455 3537 uolumus,

175 3550 424 3646 qualiternos
443 3543 660 3618 venerabilis
687 3544 838 3617 Geroldi
863 3544 1007 3619 abbatis
1022 3548 1082 3643 pio
1107 3547 1316 3622 interventu
1340 3571 1455 3644 quen·
1542 3634 1545 3639 ,

175 3652 271 3725 dam
289 3647 398 3723 nostri
414 3644 505 3741 juris
518 3644 687 3733 servum,
715 3644 864 3721 nomine
891 3645 1038 3733 Benzo,
1063 3669 1239 3722 unacum
1255 3646 1343 3721 filiis
1366 3648 1455 3740 suis,

174 3774 245 3827 nec
262 3772 341 3823 non
357 3747 395 3823 δι
410 3747 510 3841 omni
524 3746 760 3843 acquisitione
782 3748 842 3821 vel
868 3746 1096 3843 inquilitione
1119 3745 1183 3824 sua
1205 3747 1454 3825 Lauresham·

157 3849 295 3927 'menti
313 3848 497 3937 ecclefiae,
525 3849 587 3923 sub
602 3850 741 3927 honore
758 3846 814 3924 Sti
828 3846 980 3925 Nazarii
994 3848 1198 3939 dedicatae,
1224 3862 1364 3928 aeterna
1377 3864 1452 3931 tra·

175 3952 320 4029 ditione
334 3952 614 4054 accomodantes
631 3951 949 4050 proprietavimus.
977 3952 1133 4027 Proinde
1145 3950 1452 4055 pernostramre-
1484 3997 1486 4004 ·

178 4056 309 4153 gadem
318 4050 494 4153 jubemus
508 4054 736 4155 potentiam,
761 4053 935 4155 quatinus
959 4052 1325 4142 moesumnenfis
1335 4056 1450 4138 abbas

552 4184 555 4195 .
1299 4179 1398 4263 pm,
