4000 5417
560 399 1182 479 rnrnooLononunnn-sr.
1321 457 1348 492 ,·
1424 425 1500 503 499
1600 443 1619 456 ·

385 795 386 798 γ
749 702 1003 798 DXXVIII.
1113 692 1115 697 ’

492 833 673 930 Donatio
700 834 896 948 Maitgifi
920 832 962 920 in
980 833 1109 920 eadem
1126 833 1233 923 oilla.

224 1007 325 1136 Ego
340 998 379 1076 in
404 1000 473 1076 Dei
487 1004 637 1079 nomine
652 1003 818 1100 Mathgis
836 1003 932 1078 dono
948 1001 996 1080 ad
1018 1000 1178 1080 sanetum
1203 1002 1272 1080 Dei
1292 1013 1498 1100 martyrem

212 1137 216 1144 ·
304 1103 505 1180 Nazarium
531 1106 602 1184 &o
629 1108 669 1182 in
691 1105 906 1195 litaniam,
941 1106 1118 1202 quidquid
1149 1106 1268 1182 habeo
1282 1129 1370 1182 cum
1396 1105 1498 1182 omni

222 1204 394 1284 laboratu
416 1229 500 1284 meo
527 1211 623 1284 adie
644 1208 822 1309 praesente
843 1207 883 1284 in
907 1209 978 1285 Dei
992 1207 1142 1284 nomine
1162 1210 1423 1310 perpetualiter
1448 1208 1499 1285 ad

222 1307 470 1406 poisrdendum
484 1309 714 1412 stipulatione
730 1310 895 1388 subnixa.
948 1309 1085 1387 Atium
1100 1311 1139 1387 in
1160 1311 1377 1389 monasterio
1399 1312 1497 1388 Lau·

222 1410 407 1492 rnnamv
432 1439 517 1490 non.
540 1413 656 1510 maji,
683 1437 782 1491 anno
795 1413 921 1490 XXXI
944 1414 1047 1511 regni
1070 1414 1211 1506 domini
1230 1413 1340 1490 nostri
1366 1413 1494 1490 Karoli
1540 1437 1572 1503 3.
1587 1417 1663 1504 Mai.

220 1513 350 1609 regis.‘
385 1513 541 1612 Signum
568 1517 768 1615 Mathgifi,
794 1516 859 1615 qui
881 1515 978 1593 hanc
1010 1516 1246 1594 donationem
1266 1516 1346 1592 fieri
1368 1516 1407 1595 δι
1432 1515 1494 1592 fir·

221 1617 319 1692 mari
343 1620 513 1714 rogavit,
539 1619 681 1716 signum
714 1618 908 1707 Hemadi,
935 1619 1140 1708 Heribaldi,
1167 1619 1388 1708 Drutbaidi,
1413 1620 1494 1698 Ru·

220 1717 349 1815 dingi,
376 1721 616 1804 Werinbaldi.
671 1723 754 1820 Ego
779 1721 1029 1820 Reginbertus
1051 1721 1180 1821 scripsi.

741 1921 964 2038 nxxrx.

410 2124 419 2140 .
456 2051 636 2144 Donatio
661 2051 859 2148 Gozberti
869 2113 881 2153 ‚
925 2051 968 2140 in
993 2054 1125 2142 eadem
1149 2048 1257 2139 villa.

217 2219 278 2359 Si
292 2217 434 2318 aliquid
454 2221 501 2296 de
521 2224 632 2300 rebus
655 2221 784 2300 nostris
805 2219 896 2296 locis
919 2217 1124 2296 ianitorum
1146 2218 1208 2297 vel
1228 2217 1267 2294 in
1289 2214 1499 2293 sustentati·

288 2345 397 2399 onem
419 2346 625 2425 pauperum
646 2324 872 2400 conserimus
887 2375 907 2411 ,.
923 2322 996 2399 hoc
1023 2322 1129 2398 nobis
1155 2320 1283 2420 procul
1314 2320 1425 2396 dubio
1450 2321 1489 2394 in

126 2429 127 2434 ‘
216 2441 357 2504 aeterna
372 2425 600 2504 beatitudine
614 2426 766 2505 retribui
782 2449 806 2500 a
821 2423 981 2500 Domino
996 2422 1228 2499 confidimus
1261 2422 1401 2497 Idcirco
1416 2443 1486 2517 ego

215 2527 422 2606 Gozbertus
443 2552 510 2629 pro
537 2529 663 2606 anima
684 2551 771 2604 mea
785 2526 824 2605 δι
840 2526 966 2604 fratris
981 2526 1057 2603 mei
1081 2524 1304 2622 Hiltdigeri‚
1328 2524 1424 2599 dono
1438 2523 1488 2598 ad

216 2629 381 2706 santium
407 2631 476 2706 Dei
497 2647 703 2730 martyrem
728 2630 931 2710 Nazarium
939 2628 1012 2707 &o
1040 2627 1196 2729 pratum
1213 2650 1331 2704 unum
1352 2625 1391 2702 in
1419 2623 1487 2702 Vi·

217 2731 385 2818 teninim,
412 2733 508 2808 adie
522 2734 707 2832 praesenti,
734 2748 777 2809 ut
792 2734 963 2831 deinneps
976 2733 1026 2808 ad
1041 2732 1161 2832 ipsum
1184 2732 1308 2806 locum
1324 2728 1485 2822 santium

217 2829 514 2940 omnitempore
538 2833 714 3006 proficiat
738 2834 779 2907 in
811 2836 1023 2930 augmentis
1054 2833 1284 2932 stipulatione
1315 2831 1484 2906 subnixa.

217 2930 356 3008 Atium
372 2930 411 3004 in
426 2953 537 3008 mona
567 2933 642 3008 erio
668 2933 882 3008 maresium
896 2934 980 3008 idus
996 2934 1185 3033 Septemb.
1202 2957 1299 3009 anno
1321 2932 1483 3009 XXXVI
1515 2949 1568 3015 13·
1582 2926 1668 3014 sept

65 3097 70 3104 .
115 3057 120 3068 ’
216 3033 369 3110 Domini
384 3032 492 3108 nostri
516 3034 646 3111 Karoli
656 3033 766 3130 regis.
818 3035 974 3133 Signum
990 3036 1191 3126 Gozberti,
1217 3036 1279 3135 qui
1299 3033 1395 3110 hanc
1417 3033 1483 3110 do·

214 3139 403 3220 nationem
417 3135 494 3214 fieri
518 3135 558 3214 bt
578 3135 719 3213 firmari
737 3139 903 3234 rogavit,
929 3138 1073 3236 signum
1099 3140 1266 3228 Ratoidi‚
1292 3134 1484 3226 Leidradi,

214 3239 436 3332 Theotiridi,
462 3239 667 3319 Bericheri.
720 3241 802 3337 Ego
815 3239 1203 3342 Reginbertusscripsr.

765 3442 966 3535 DXXX.

607 3573 789 3668 Donatio
816 3571 1099 3706 lirunichonis.

213 3743 350 3884 Anno
363 3687 415 3820 *ab
430 3741 682 3863 inquinatione
691 3742 841 3864 Domini
863 3738 1160 3862 ottingentefimo
1183 3737 1251 3857 Li,
1266 3738 1370 3836 regni
1397 3758 1486 3815 vero
1529 3742 1673 3823 nilon.

301 3845 495 3924 Ludowrcr
510 3845 659 3934 Xl,sub
674 3845 880 3923 d1e111dus
905 3845 1105 3946 Jumr,nos
1130 3840 1320 3919 Brumcho
1333 3840 1372 3919 &
1397 3841 1488 3922 We·

213 3950 378 4030 uibertus
394 3971 458 4050 pro
471 3949 636 4028 remedio
651 3950 787 4028 animae
812 3949 950 4132 (lidonis
965 3949 1148 4026 donamus
1163 3944 1212 4062 ad
1232 3944 1393 4022 sanetum
1420 3943 1488 4033 Dei

868 4071 968 4134 rra
1337 4067 1439 4132 mar*
1520 4079 1528 4139 i
