4000 5417
908 447 1099 527 Canon.
1127 464 1188 521 dr
1212 436 1429 521 Cunnrn

507 760 691 846 detinent,
716 755 867 831 reddere
892 753 1083 830 districtius
1105 750 1313 836 moneatis,
1339 745 1480 845 quodsi
1503 744 1624 821 iacere
1650 748 1780 852 nolue-

507 863 598 948 rint,
625 859 839 936 canonicam
865 857 911 934 de
930 853 1018 959 -ipsrs
1033 853 1218 954 justitiam
1237 851 1395 930 faciatis
1447 851 1547 927 Data
1572 848 1689 928 Remis
1709 847 1780 927 llll

507 964 687 1042 kalendas
711 958 865 1062 Aprilis·

294 1169 498 1246 metuere
581 1159 773 1278 eligiolus
800 1149 822 1214 f*
847 1157 996 1246 deinde
1033 1159 1163 1246 abbas
1197 1153 1462 1246 Folcnandus
1495 1153 1674 1242 fratrum
1702 1179 1778 1268 per
1874 1216 1889 1234 s

609 1279 751 1360 omnia
766 1269 980 1375 consulens
998 1268 1199 1374 utilitati,
1227 1297 1424 1386 nequem
1449 1297 1508 1354 ex
1536 1265 1776 1380 hujusmodi

508 1390 753 1475 concambio
772 1385 1008 1501 praebendae
1045 1381 1255 1470 desedlum
1283 1382 1581 1483 extraherent,
1618 1380 1694 1465 has
1712 1381 1775 1464 eis

460 1593 480 1608 „
509 1503 755 1590 donationes
764 1525 843 1616 pro
853 1493 1139 1615 subplemento
1155 1495 1268 1600 fecit,
1286 1491 1489 1614 &scripto
1497 1493 1774 1582 confirmavit.

968 1712 1231 1805 'CLIIL

202 1855 205 1862 ⁴
326 1891 473 1962 *omitte
502 1865 679 1978 'Proviso
695 1876 717 1924 ⁴
736 1862 1403 1988 Folcnondifosiofratribussuis
1419 1871 1466 1963 dt
1483 1882 1610 1961 monte
1636 1869 1773 1964 Hems·

832 2009 946 2096 perg
963 1984 1187 2072 novellando
1204 1983 1257 2082 ὅ
1274 1983 1442 2074 colendo·

504 2159 556 2288 In
572 2145 718 2223 nomine
731 2145 882 2223 Domini
896 2147 965 2224 Dei
979 2146 1019 2226 dt
1034 2149 1225 2228 salvatoris
1244 2150 1354 2228 nostri
1379 2151 1461 2252 Jesu
1484 2149 1627 2228 christi.
1652 2151 1773 2228 Forc-

558 2271 723 2325 unuous
746 2247 822 2325 sola
846 2250 915 2325 Dei
940 2250 1186 2328 misericordia
1209 2252 1402 2330 Laurensrs
1428 2254 1570 2338 abbas,
1595 2252 1771 2330 universi·

505 2351 574 2426 tati
590 2351 757 2425 omnium
783 2349 918 2426 Christi
931 2350 1101 2428 fidelium
1115 2356 1164 2429 ad
1177 2352 1336 2451 praesens
1355 2353 1395 2430 dr
1408 2352 1449 2428 in
1461 2351 1654 2451 posterum.
1696 2356 1770 2428 Pa·

504 2451 648 2526 storalis
662 2449 771 2526 officii
785 2453 879 2528 ratio
894 2454 1013 2548 exigit
1027 2457 1258 2550 evangelicos
1283 2454 1421 2530 imitari
1435 2451 1613 2553 pastores,
1640 2453 1679 2529 dt
1693 2477 1768 2532 non

503 2552 622 2629 solum
637 2552 815 2630 nobismet
829 2553 911 2653 ipsis
925 2555 1101 2652 vigilare,
1127 2577 1259 2633 verum
1272 2553 1509 2654 etiam-supra
1523 2576 1672 2650 gregem
1692 2556 1769 2631 Do-
1822 2546 1828 2556 ’

503 2654 683 2732 minirum
708 2655 852 2752 vigilias
875 2654 989 2747 notris
1013 2654 1245 2732 custodiendo
1272 2659 1470 2734 excubare.
1524 2657 1702 2744 Quocirca
1725 2670 1770 2732 ut

503 2777 573 2831 nos
597 2777 744 2854 quoque
770 2757 864 2833 inter
889 2755 1149 2856 dispensatores
1169 2757 1324 2838 familiae
1355 2759 1426 2835 Dei
1443 2757 1570 2834 fideles
1601 2757 1768 2836 invenia-

501 2879 606 2947 mur,
632 2857 787 2934 defestui
801 2858 958 2936 fratrum
971 2857 1194 2948 nostrorum,
1209 2882 1322 2957 quem
1336 2858 1473 2960 partim
1487 2884 1536 2934 ex
1549 2861 1666 2955 regali
1679 2882 1768 2935 con·

502 2960 650 3036 cambio
675 2960 721 3035 de
751 2959 971 3048 Obbtnhcim,
999 2960 1158 3057 Gingrn,
1188 2959 1244 3040 W
1240 2959 1427 3056 ibelingcn,
1452 2961 1589 3059 partim
1609 2984 1658 3035 ex
1683 2960 1769 3036 aliis

500 3060 770 3138 villicationum
802 3062 1005 3138 rationibus
1030 3061 1071 3135 in
1096 3059 1275 3138 subtracta
1293 3062 1508 3139 vitrearium
1540 3061 1685 3136 suorum
1703 3059 1767 3155 ju·

500 3158 596 3238 stitia
627 3161 824 3250 sustinent,
850 3162 990 3238 mederi
1023 3163 1241 3260 cupientes,
1266 3177 1431 3240 montem
1456 3159 1764 3255 Hemmingisdcrg,

499 3259 541 3340 in
556 3264 710 3340 termino
736 3261 934 3367 Brstnsieim
949 3261 1058 3340 situm
1074 3262 1113 3338 dt
1128 3263 1176 3338 ad
1191 3287 1378 3341 cameram
1402 3262 1558 3339 nostram
1579 3261 1763 3360 pertinen·

485 3373 599 3454 tem,
624 3365 766 3442 eisdem
782 3365 954 3441 fratribus
968 3362 1097 3439 nostris
1109 3365 1159 3440 ad
1183 3367 1464 3453 novellandmn,
1478 3364 1619 3440 colonis
1639 3364 1765 3439 locan-

499 3466 612 3556 dum,
636 3467 754 3543 vineis
768 3467 828 3543 vel
843 3465 943 3563 agris
958 3463 1238 3556 conferendum,
1264 3469 1384 3544 modis
1405 3467 1575 3543 omnibus
1590 3464 1763 3563 poffiden·

326 3595 346 3630 τ
498 3565 617 3656 dum,
644 3567 859 3656 colendum,
885 3555 1085 3657 utendum,
1110 3592 1197 3645 cum
1217 3570 1351 3658 censu,
1378 3591 1464 3644 cum
1479 3567 1650 3652 decima,
1674 3587 1764 3641 cum

499 3668 602 3766 omni
619 3667 803 3746 contraiiu
819 3665 858 3745 dr
874 3668 1090 3758 elaboratu,
1115 3668 1216 3746 omni
1230 3671 1385 3768 denique
1397 3667 1533 3765 jure&
1556 3667 1765 3762 integritate

345 3800 353 3816 ·
498 3783 675 3868 perpetuo
701 3770 908 3859 donemus,
934 3769 973 3846 dr
986 3771 1446 3859 donandoooniirmamus,
1460 3769 1499 3847 dt
1525 3769 1670 3867 insuper
1683 3793 1764 3843 xxx

499 3871 666 3948 maldras
681 3870 804 3959 tritici,
822 3894 906 3969 quoe
919 3872 1026 3951 nobis
1039 3895 1088 3946 ex
1113 3872 1219 3958 areis,
1233 3870 1272 3945 in
1287 3873 1418 3946 eadem
1440 3873 1532 3947 villa
1547 3869 1682 3969 positis,
1698 3893 1764 3944 an·

499 3973 643 4058 nuatim
667 3972 927 4063 solvebantur,
951 3973 991 4054 in
1013 3969 1122 4052 usum
1136 3993 1267 4065 eorum
1287 3971 1490 4077 specialiter
1521 3971 1762 4146 consedtppst
