4000 5417
492 433 570 514 270
896 411 1083 493 Canos.
1111 433 1171 491 ur
1197 411 1413 494 Caturia

1204 633 1765 668 *Ἢ

495 718 623 812 Petri;
649 718 886 807 waltherus,
911 720 1139 808 Gozwinus,
1165 719 1411 798 Theodericus
1433 721 1542 800 sanffl
1565 729 1765 829 Johannis;

494 821 729 918 Thiduugus,
756 819 951 909 hinricus,
977 822 1186 910 Gerardus,
1212 823 1343 901 Bobbo
1359 823 1490 902 sanstae
1518 829 1660 912 Mariae.
1685 832 1766 912 Ab·

494 923 600 1000 bates
617 948 626 998 ε
653 924 829 1000 Matheus
844 923 953 998 sinui
968 923 1102 1012 Pauli,
1127 923 1402 1001 Hildebrandus
1417 927 1462 1002 de
1489 929 1647 1009 Werslo.
1691 937 1765 1010 La-

494 1023 566 1100 ici:
592 1025 800 1102 Florentius
824 1048 949 1101 comes
971 1024 1017 1100 de
1043 1026 1221 1114 Hollond,
1247 1027 1473 1104 Godesridus
1498 1029 1537 1106 ἃ
1553 1030 1665 1108 sr'ater
1687 1034 1767 1131 ejus
1818 1044 1821 1050 ’

494 1126 734 1202 Hermannus
749 1128 794 1201 de
818 1127 924 1215 Kioc,
950 1125 1173 1202 Godesridus
1186 1128 1231 1202 de
1257 1128 1399 1217 Bredo,
1428 1131 1689 1211 Willehelmus
1706 1160 1765 1212 co-

495 1249 576 1304 mes
590 1229 635 1304 de
660 1229 800 1317 Stoura,
826 1227 1011 1304 Rudolfiis
1045 1228 1275 1318 advocatus,
1302 1230 1415 1330 Hugo
1431 1231 1477 1307 de
1500 1233 1623 1325 Rima,
1648 1236 1766 1314 Theo·

493 1329 641 1407 derisus
656 1331 703 1405 de
727 1329 900 1430 Burhorsl.

860 1477 926 1570 Dr
953 1475 1066 1566 curia
1100 1475 1170 1574 W
1161 1477 1390 1593 ormotierifi.

498 1617 697 1788 Fratres
718 1637 891 1725 quoque
908 1610 1140 1701 Laurenles
1169 1641 1266 1700 cum
1293 1615 1543 1720 wernhero,
1572 1617 1765 1710 Worma·

592 1747 610 1810 t

613 1724 706 1808 iensi
721 1727 833 1825 cive,
860 1751 939 1854 pro
968 1729 1084 1810 curia
1109 1722 1208 1828 sua,
1239 1729 1281 1812 in
1298 1729 1446 1814 eadem
1470 1733 1639 1818 civitate
1667 1731 1765 1830 sita,

497 1830 802 1921 contentiosum
829 1835 902 1920 diu
928 1835 1072 1922 funem
1100 1838 1342 1943 trahentes,
1373 1843 1544 1928 tandem
1571 1873 1628 1929 ex
1644 1843 1767 1930 conli-

495 1945 553 2033 lio
572 1944 804 2034 abbatislui
819 1975 869 2032 ae
880 1949 1208 2038 ministerialium
1219 1949 1299 2038 hoc
1316 1954 1504 2044 eumline
1514 1956 1767 2044 deciderunt.

470 2123 475 2139 '
606 2187 610 2196 .
1076 2112 1271 2206 cLXiii.

434 2241 439 2250 ’
494 2255 547 2384 lii
567 2240 714 2318 nomine
747 2236 876 2316 sanc‘tae
902 2239 1169 2324 &individuae
1195 2245 1397 2323 Trinitatis.
1447 2246 1553 2322 Servi
1581 2247 1767 2326 ¹servorum

549 2344 635 2430 Dei,
661 2343 793 2420 fratres
807 2343 1174 2425 Laureshammenfis
1196 2347 1421 2440 monasterii,
1445 2347 1619 2422 universis
1636 2347 1765 2424 Christi

490 2444 688 2532 fidelibus,
714 2457 793 2520 tam
805 2443 943 2520 suniris
956 2470 1067 2545 quam
1082 2448 1337 2549 praesentibus,
1352 2451 1391 2522 in
1408 2462 1639 2547 perpetuum.
1667 2449 1766 2535 Quo-

500 2547 603 2624 niam
625 2548 662 2621 in
676 2546 748 2621 hoc
761 2548 911 2636 vocati,
937 2549 977 2623 in
990 2551 1062 2624 hoc
1087 2549 1192 2651 pofiti
1208 2549 1359 2636 sumus,
1386 2562 1428 2624 ut
1440 2549 1571 2624 honori
1585 2549 1624 2627 di
1646 2549 1766 2648 prose-

500 2649 596 2735 stui,
629 2646 787 2725 ecclesiae
829 2647 960 2728 nolirae
982 2653 1079 2739 ,cui
1111 2653 1189 2727 Deo
1222 2651 1366 2725 audere
1407 2649 1620 2740 servimus,
1646 2651 1768 2726 modis

500 2750 674 2826 omnibus
712 2748 975 2841 consulamus,
1000 2750 1194 2828 necelsario
1236 2749 1493 2850 compellimur
1526 2750 1566 2827 in
1593 2749 1768 2850 dispositi·

500 2875 570 2930 one
604 2851 854 2954 posseffionum
882 2852 921 2931 ὅ(
953 2853 1139 2929 redituum
1173 2852 1253 2948 ejus
1285 2851 1324 2930 &
1352 2851 1588 2950 praesentium
1622 2869 1770 2950 oportu-

501 2955 705 3032 nitatibusi
731 2954 898 3044 nsistere,
924 2952 963 3031 δι
984 2956 1197 3031 futurorum
1228 2952 1345 3049 quieti
1373 2975 1416 3027 ac
1450 2949 1530 3027 usui
1557 2953 1765 3051 prospicere.

354 3055 376 3088 ”’
503 3057 562 3133 Ea
601 3073 747 3158 propter
770 3056 999 3132 universitati
1040 3058 1209 3131 omnium
1248 3053 1413 3130 fidelium
1453 3067 1583 3128 notum
1610 3053 1679 3129 else
1702 3077 1766 3128 cu·

500 3159 657 3258 pimus,
685 3159 842 3257 qualiter
866 3181 934 3234 nos
959 3157 1073 3233 totius
1087 3156 1252 3257 'capituli
1285 3155 1394 3230 nostri
1426 3153 1572 3229 consilio
1603 3152 1641 3230 u
1667 3155 1766 3228 coni·

499 3260 626 3338 ventia
639 3276 782 3359 partem
807 3261 921 3336 curtis
942 3257 1073 3334 nostrae
1100 3259 1138 3334 in
1169 3257 1394 3344 Wormutia,
1420 3257 1527 3331 certis
1548 3254 1728 3329 limitibus
1742 3279 1767 3331 a

499 3363 644 3459 reliqua
658 3362 975 3449 disterminatam,
1001 3360 1207 3439 Wernhero
1221 3358 1401 3434 honorato
1426 3355 1464 3434 δι
1485 3355 1664 3455 spedabili
1686 3357 1768 3433 viro

500 3463 567 3540 sub
582 3488 704 3539 annua
718 3462 885 3563 penfione
910 3461 1142 3550 locavimus,
1168 3461 1220 3536 ita
1233 3459 1440 3547 duntaxat,
1465 3471 1509 3533 ut
1521 3456 1616 3555 ipse,
1643 3455 1769 3554 suique

498 3567 730 3665 prohaeredes
745 3587 830 3639 earn
848 3563 1031 3641 bonafide
1050 3616 1059 3650 ,
1087 3559 1231 3658 &julio
1256 3560 1482 3637 haereditatis
1497 3559 1605 3634 titulo
1668 3559 1769 3634 lside·

501 3679 577 3754 ant,
592 3666 630 3744 ἀ
646 3666 685 3742 in
709 3666 797 3741 festo
814 3665 922 3742 lensii
948 3664 1111 3760 Remigii
1135 3663 1206 3738 XX
1227 3663 1357 3737 solidos
1383 3661 1585 3740 Wormatie
1625 3681 1658 3733 is
1690 3681 1769 3734 mo·

499 3782 598 3844 netas
612 3769 745 3844 exinde
767 3768 873 3844 nobis
887 3766 1082 3842 annuatim
1100 3765 1317 3862 persolvant.
1352 3763 1494 3852 Quodsi
1510 3759 1683 3861 praefixos
1698 3775 1769 3836 ter·

499 3873 621 3945 minos
644 3893 863 3968 quocunque
896 3868 1008 3943 modo
1029 3867 1090 3940 vel
1113 3865 1259 3958 ingenio
1286 3864 1489 3960 transgredi
1509 3863 1671 3950 suerint,
1697 3861 1769 3936 sive

501 3984 749 4070 praetaxatam
764 3969 971 4071 pensionem
985 3964 1150 4042 condida
1164 3965 1242 4052 die,
1269 3966 1330 4041 vel
1357 3977 1456 4042 oerte
1471 3966 1567 4043 intra
1590 3983 1666 4078 xpp
1688 3983 1771 4058 pro-

1596 4083 1719 4139 ximos
