4000 5417
1038 350 1395 435 Tmmom

1061 652 1376 747 OOCLIOIIH.

950 778 1132 875 Donatio
1155 778 1415 876 Ertanbaldi.

530 962 533 972 ⁴
552 942 714 1081 Eadem
736 944 796 1047 spe
819 942 860 1025 δι
881 948 1087 1027 devotionis
1107 948 1234 1045 graula
1259 948 1520 1029 Erkanbaldus
1544 950 1584 1029 ἃ
1617 974 1713 1029 uxor
1737 952 1820 1051 ejun

630 1046 821 1127 Wieldmd
835 1072 878 1125 ac
893 1050 991 1127 iilius
1006 1072 1137 1125 eorum
1158 1046 1318 1127 Aituuin
1333 1052 1513 1130 dedenmt
1526 1055 1572 1129 ad
1589 1054 1751 1131 santium
1768 1057 1815 1131 N.

552 1160 753 1243 martyrem
779 1148 937 1247 Christij
959 1148 1096 1247 jurnaI.
1116 1150 1164 1226 de
1189 1162 1288 1230 terra
1306 1154 1470 1231 araturia
1495 1154 1534 1230 in
1566 1156 1698 1231 eadem
1713 1157 1819 1233 viiia„

549 1246 707 1345 Signum
733 1250 961 1341 Hiidibaidi,
987 1252 1178 1340 Bicconis,
1204 1252 1821 1348 Erkenberti‚ffl1tdiberti.Rn-

551 1348 650 1441 toifi,
675 1350 913 1451 meginberti,
938 1352 1107 1445 Udorici,
1127 1352 1348 1440 'cuniberm
1467 1366 1473 1375 ‘

731 1625 736 1637 .
1024 1550 1341 1648 OECLXXIV.

778 1736 782 1748 ·
941 1678 1123 1787 Donatio,
1149 1683 1425 1799 Megt'nhmdi,

549 1839 686 1989 Anno
705 1846 776 1927 XII
801 1844 993 1927 Ludowici
1014 1848 1247 1948 imperatoris
1275 1876 1348 1951 ego
1380 1852 1646 1953 meginhardus
1670 1876 1737 1956 pro
1759 1877 1820 1934 re·

637 1950 760 2027 medio
776 1949 910 2027 animae
925 1972 1021 2065 meae
1036 1950 1133 2028 dono
1148 1954 1197 2029 ad
1213 1954 1376 2033 faustum
1401 1957 1471 2034 Dei
1485 1971 1689 2055 martyrem
1697 1959 1822 2036 Naza-

550 2052 669 2142 rium,
684 2050 750 2148 qui
764 2050 954 2149 requieint
968 2051 1007 2127 in
1021 2073 1174 2159 cnrpqre
1186 2054 1227 2133 in
1239 2080 1339 2158 pago
1352 2057 1518 2147 Rinenfi,
1538 2060 1577 2135 in
1589 2058 1823 2150 monasterio,

434 2220 438 2227 .
551 2154 653 2254 quod
678 2164 832 2237 vocatur
855 2152 1114 2245 Lauresham,
1148 2156 1254 2259 super
1272 2159 1427 2235 fluvium
1451 2159 1609 2240 Wiffcoz
1632 2158 1726 2248 fito,
1752 2161 1820 2239 ubi

552 2256 614 2375 yir
624 2238 842 2333 venerabilis
868 2252 1091 2376 Adalungus
1103 2258 1201 2337 abba
1212 2259 1356 2360 praeeffe
1380 2261 1541 2377 videtum,
1565 2260 1816 2355 donatumque

553 2354 1812 2538 tus
1896 2504 1903 2512 .

553 2559 851 2647 ianiiumlocum
868 2558 970 2637 omni
995 2574 1158 2662 tempore
1170 2560 1337 2737 fimficiat
1356 2561 1394 2637 in
1407 2560 1618 2665 augmentis
1638 2558 1822 2659 stipulati-

554 2684 624 2739 one
640 2662 804 2741 subnixa.
856 2660 993 2739 Attum
1007 2663 1048 2741 in
1061 2686 1169 2741 mona
1197 2663 1274 2738 erio
1299 2663 1524 2739 lauresham.
1552 2661 1713 2757 Signum
1740 2662 1826 2738 Me·

554 2764 743 2863 gInhardi,
757 2764 822 2863 qui
837 2760 934 2841 hanc
950 2764 1183 2842 donationem
1196 2764 1275 2841 fieri
1287 2762 1326 2842 &
1340 2762 1481 2841 firmari
1494 2762 1664 2859 rogavit,
1677 2760 1829 2860 signum

555 2864 761 2961 sigeberti,
785 2866 998 2957 Ramberti,
1014 2865 1230 2955 Heimirici,
1254 2866 1444 2954 nubem,
1468 2863 1829 2959 Meginhmdii'he·
1957 2943 1958 2966 Ν

553 2967 735 3063 ganhami
747 3020 760 3058 ,
786 2969 1062 3059 Gememanni,
1089 2967 1310 3067 Engilberti.
1362 2968 1446 3065 Ego
1471 2963 1676 3045 Altuuinus
1693 2964 1831 3065 scripfi.
1956 3003 1957 3038 i

1041 3177 1339 3275 CCCLXXV.
1479 3248 1483 3256 ·

554 3302 735 3403 Donatio
765 3306 944 3401 Theodec
964 3310 1008 3401 iu
1033 3306 1165 3397 eadem
1189 3308 1284 3396 villa
1300 3336 1403 3397 anno
1421 3306 1550 3401 XIII
1559 3302 1675 3421 regni
1694 3302 1840 3396 Lude·

773 3422 871 3514 wici
896 3421 1182 3538 imperatoris,
1210 3420 1424 3533 Adalungn
1439 3420 1591 3507 abbate.

415 3596 422 3607 “
557 3591 659 3724 Ego
673 3586 712 3664 in
736 3587 805 3667 Dei
819 3589 968 3667 nomine
983 3586 1135 3665 Theoda
1148 3582 1214 3687 'p'ro
1228 3586 1392 3665 remedio
1404 3587 1540 3664 animae
1555 3606 1652 3665 meae
1668 3583 1772 3660 dono
1789 3584 1845 3661 ad

634 3688 793 3769 saniium
809 3691 877 3769 Dei
895 3704 1105 3787 martyrem
1120 3688 1168 3766 N.
1178 3690 1241 3787 qui
1260 3688 1450 3787 requiescit
1462 3690 1500 3765 in
1514 3707 1664 3789 corpore
1678 3684 1719 3761 in
1792 3708 1846 3783 gn

558 3783 788 3883 Rinenmjn
804 3793 1022 3897 monasterio
1047 3784 1303 3882 Liuresham,
1328 3791 1393 3867 ubi
1407 3788 1699 3869 virvenembilis
1726 3707 1864 3865 Rada?

558 3889 696 3993 lungus
713 3894 810 3979 abbe
831 3894 978 4001 praeeffe
993 3892 1166 3984 videtur,
1191 3896 1443 3995 donatumque
1463 3892 1505 3970 in
1517 3904 1754 4069 perpemuml
1772 3888 1851 3969 effe

876 4058 881 4076 ,
1679 4012 1733 4070 vo
1751 4016 1793 4083 o,
