4000 5417
574 447 786 541 mano
813 427 1199 541 Lonouunnnan
1429 426 1505 537 443

232 736 273 821 ἀ
287 732 426 812 stabilis
446 746 666 833 permaneat
688 730 918 832 stipulatione
941 729 1107 807 subnixa
1157 728 1297 806 Astum
1318 730 1358 807 in
1377 754 1506 818 mona-

232 836 338 913 sterio
364 836 597 924 ramesiam,
621 835 682 909 'die
696 834 737 911 &
751 848 917 933 tempore
931 855 1006 928 quo
1022 830 1139 931 supra.
1190 829 1348 929 Signum
1361 835 1505 931 Megia-

233 938 336 1034 gozi‚
363 936 427 1035 qui
446 935 542 1013 hanc
564 936 802 1012 donationem
826 933 905 1007 fieri
919 931 958 1009 δι
982 931 1123 1010 firmari
1137 934 1293 1030 rogavit.
1343 934 1502 1031 Signum
1578 939 1600 995 ἕ
1642 991 1654 1006 ,-

232 1038 451 1115 Giselhelmi
490 1038 700 1124 Haridrici,
726 1034 929 1123 Gundrici,
957 1036 1138 1125 Gozonis,
1169 1034 1348 1123 Ardone,
1374 1036 1503 1122 Eiber·

231 1140 330 1230 kari,
357 1139 550 1230 lsauberti,
567 1139 801 1226 Salamanni,
819 1136 1044 1215 Theotberti.
1071 1139 1153 1235 Ego
1165 1137 1352 1216 Rudotrus
1372 1138 1500 1245 scripfi.

715 1336 1028 1431 CCCCXXIV.

481 1474 663 1570 Duratio
689 1471 910 1586 Helitperti
936 1470 977 1559 in
1003 1470 1132 1565 eadem
1146 1470 1257 1562 villa.
1371 1516 1374 1519 ⁴

223 1652 335 1785 Ego
349 1643 388 1718 in
413 1642 483 1721 Dei
496 1643 644 1719 nomine
659 1639 891 1737 Helitpertus
907 1638 1100 1737 praesbiter·
1109 1662 1176 1737 pro
1188 1640 1351 1717 remedio
1365 1638 1502 1724 enimn

305 1768 411 1825 ‘meae
435 1744 476 1821 &
501 1742 707 1841 Haduberti
740 1740 908 1837 germani
941 1741 1015 1815 mei
1036 1741 1133 1815 dono
1156 1742 1205 1815 ad
1238 1743 1399 1820 lentium
1432 1743 1502 1818 Dei

234 1860 438 1943 martyrem
453 1846 500 1937 N.
517 1848 582 1943 qui
597 1843 787 1941 requiescit
800 1844 839 1918 in
855 1841 1073 1926 monasterio
1085 1842 1335 1931 Lauresham,
1353 1844 1503 1942 inpage

236 1946 403 2036 Rinens1‚
429 1940 729 2024 ubi'venerabilis
756 1945 945 2021 Richbodo
966 1944 1062 2020 abba
1081 1943 1224 2042 pr'aeeiie
1246 1945 1501 2045 videtur,‚d07

236 2051 442 2146 natumque
456 2049 496 2125 in
515 2064 734 2148 perpetuum
749 2046 817 2121 effe
838 2048 924 2121 volo
945 2046 1181 2121 medietatem
1195 2048 1307 2124 unius
1319 2046 1439 2123 vineae
1462 2045 1503 2147 in

235 2151 483 2238 sarmium,
510 2174 621 2248 quam
634 2149 765 2225 habuit
789 2149 1003 2245 Erpholdus
1018 2146 1056 2225 &
1082 2146 1195 2223 frater
1209 2146 1348 2243 ejas&
1374 2148 1502 2240 Haue-

234 2252 363 2328 bertus
379 2305 394 2336 ‚.
415 2253 675 2349 perpetualiter
697 2250 745 2325 ad
771 2248 1043 2347 possidendum,
1069 2263 1112 2325 ut
1124 2250 1227 2325 omni
1247 2264 1412 2349 tempore
1443 2273 1506 2327 ea·

233 2354 323 2429 dem
339 2353 448 2427 vinea
474 2354 520 2427 ad
546 2349 666 2451 ipsum
683 2351 843 2426 faustum
859 2352 985 2427 locum
1009 2350 1228 2449 proficiatin
1262 2364 1507 2448 augmentum

233 2452 465 2554 stipulatione
484 2453 647 2529 subnixa.
700 2449 890 2527 nnumin
907 2450 1122 2527 monasterio
1141 2449 1355 2527 lauresham
1370 2454 1432 2530 iub
1446 2453 1506 2529 die

233 2556 269 2635 ΙΙ
295 2557 377 2641 idus
392 2555 488 2655 Junii
505 2580 640 2653 ‚anno
672 2554 782 2629 XXX
803 2554 906 2649 regni
931 2553 1073 2629 domini
1091 2552 1201 2627 nostri
1234 2554 1363 2629 Karoli
1396 2554 1507 2651 regis.
1539 2558 1674 2639 rnJun.

222 2656 391 2753 Signum
407 2658 631 2755 Heltiperti,
657 2657 721 2753 qui
734 2656 832 2731 hanc
848 2656 1086 2737 donationem
1100 2652 1206 2743 fecit,
1219 2655 1375 2753 ¹signum
1399 2656 1505 2737 War-

234 2757 343 2835 lonis.
393 2758 475 2853 Ego
490 2758 643 2856 Thegan
657 2772 809 2855 rogatus
825 2756 943 2857 scripsi
957 2757 1055 2838 hanc
1070 2757 1278 2842 donationis
1297 2771 1453 2839 carum.
1480 2852 1484 2859 ¹

526 2936 575 3035 ’.
721 2954 1017 3049 CCCCXXV·
1481 3053 1488 3069 ,

393 3122 396 3131 1
490 3080 671 3177 Duratio
695 3083 914 3173 Hochbertr'
939 3085 980 3172 in
996 3084 1125 3173 eadem
1139 3084 1247 3177 uilla.
1352 3159 1354 3162 -
1483 3125 1486 3130 ’

234 3253 369 3394 Anno
382 3248 549 3351 ejusdem
564 3248 737 3351 principis
763 3250 893 3329 deinde
910 3253 1028 3353 primo
1048 3254 1384 3351 ego'Hochbertus
1409 3241 1505 3332 donb

321 3381 388 3457 pro
413 3353 575 3431 remedio
592 3352 728 3441 animae
741 3376 835 3431 meae
862 3353 900 3432 δι
922 3357 1088 3452 germani
1104 3359 1179 3432 mei
1204 3358 1346 3433 Otberti
1365 3358 1413 3433 ad
1426 3358 1505 3434 san-

236 3462 336 3555 stum
351 3458 421 3534 Dei
435 3470 638 3553 martyrem
664 3456 884 3544 Nazarium,
909 3459 974 3555 qui
990 3458 1180 3554 requiescit
1202 3460 1240 3533 in
1261 3456 1505 3544 monasterio,

237 3562 338 3659 quud
351 3573 508 3636 vocatur
522 3557 771 3647 Lauresham,
786 3557 934 3657 inpage
948 3558 1095 3635 Rinenfi
1111 3558 1214 3656 super
1228 3559 1385 3633 fluvium
1400 3556 1507 3638 Win-

238 3680 306 3738 coz
318 3662 383 3737 fito
398 3714 414 3749 ,1
434 3660 500 3736 ubi
523 3660 741 3737 venerabilis
767 3658 960 3739 Richbodo
976 3659 1073 3735 abba
1088 3658 1232 3757 praeeffe
1256 3658 1420 3750 videtur,
1433 3660 1509 3735 do-

240 3777 444 3859 natumque
461 3762 500 3836 in
515 3776 733 3862 perpetuum
758 3759 827 3839 effe
849 3760 962 3849 volo,
989 3761 1090 3858 quod
1112 3759 1206 3835 mihi
1232 3758 1509 3859 tradiditgeni·

240 3864 317 3942 trix
331 3886 415 3940 mea
440 3864 643 3955 Hiltdrad,
668 3880 711 3941 ut
725 3887 790 3964 pro
807 3861 1003 3940 animabus
1025 3860 1154 3958 nostris
1167 3862 1351 3938 traderem
1370 3864 1419 3938 ad
1428 3875 1514 3940 ante

241 3966 380 4043 dietum
412 3965 698 4056 monasterium,
724 3968 796 4044 hoc
810 3964 860 4045 est
873 3988 1026 4146 XUXXm
1040 3966 1190 4044 vineam
1203 3964 1244 4040 in
1267 3965 1515 4055 Scrizesheian

1017 4094 1042 4149 2
1098 4077 1101 4087 '
1421 4081 1466 4146 ut
1501 4144 1510 4151 .
