4000 5417
67 371 298 713 s
514 472 590 555 136
869 539 875 550 ,
918 459 1104 538 Citieos.
1131 479 1192 533 ier
1217 456 1434 535 Cxinrm
1517 521 1525 538 .

924 567 931 600 s
1487 581 1493 597 i

508 611 512 618 ,
991 606 999 611 ,

512 675 1785 702 mm

513 771 704 850 &animae
718 766 845 844 nostrae
860 765 1023 842 remedio
1037 764 1115 840 fieri
1140 762 1394 850 decrevimus,
1420 785 1485 862 per
1499 765 1599 860 quod
1619 767 1784 867 praecipi-

513 875 602 958 mus
617 886 727 969 atque
737 868 910 965 jubemus
925 921 935 957 ,
961 880 1006 943 ut
1019 869 1143 942 nullus
1153 862 1269 960 judex
1285 866 1454 965 publicus
1468 867 1529 941 vel
1544 867 1714 963 quislibet
1734 894 1782 946 ex

509 973 708 1071 iudiciaria
721 970 921 1071 potestate,
948 983 1013 1044 aut
1025 969 1126 1044 ullus
1145 991 1194 1072 ex
1219 966 1388 1042 fidelibus
1402 965 1531 1042 nostris
1551 969 1591 1044 in
1614 971 1793 1048 ecclesias

514 1090 581 1152 aut
604 1077 686 1150 loca
699 1074 761 1150 vel
794 1094 903 1168 agros
923 1072 984 1146 seu
1004 1071 1164 1168 reliquas
1188 1068 1410 1169 possessiones
1428 1068 1589 1167 praeditet
1603 1073 1781 1181 monaste·

513 1177 585 1265 rii,
611 1199 706 1274 quas
731 1176 907 1250 moderno
928 1186 1093 1272 tempore
1118 1172 1157 1246 in
1184 1170 1408 1269 quibuslibet
1429 1172 1535 1270 pagis
1561 1173 1622 1248 rel
1637 1176 1781 1250 territo-

511 1279 578 1354 riis
599 1279 696 1354 infra
716 1276 893 1352 ditionem
919 1275 1022 1371 r'egni
1046 1271 1155 1350 nostri
1166 1269 1259 1368 juste
1273 1271 1313 1350 ὅ(
1327 1273 1497 1368 legaiiter
1520 1273 1695 1371 possidet,
1719 1271 1783 1354 vel‘
1870 1303 1872 1305 ¹

464 1383 468 1392 “
512 1404 599 1479 quae
613 1380 784 1477 deinceps
799 1378 919 1454 eidem
944 1377 1079 1452 collata
1090 1375 1228 1450 fuerint
1240 1373 1483 1462 monasterio,
1510 1375 1557 1449 ad
1572 1377 1699 1452 causas
1715 1403 1779 1455 au·
1911 1457 1917 1464 ,

512 1481 666 1558 diendas
681 1481 739 1556 vel
765 1481 868 1556 freda
884 1492 952 1570 aut
966 1479 1105 1557 tiibuta
1121 1477 1321 1574 exigenda,
1347 1490 1413 1554 aut
1426 1475 1633 1554 mansiones
1647 1482 1706 1556 vel
1715 1505 1779 1579 pa-

332 1605 354 1642 ·⁸
419 1581 425 1586 ’
511 1599 613 1660 ratas
630 1581 829 1670 faciendas,
857 1595 922 1656 aut
943 1577 1161 1675 fidejmsores
1186 1578 1380 1668 tollendos,
1403 1592 1469 1655 aut
1484 1578 1652 1655 homines
1667 1581 1778 1680 ipfius
1843 1645 1847 1652 .

512 1681 744 1770 irronasterii,
769 1698 848 1759 tani
866 1683 1044 1778 ingenuos
1070 1704 1184 1779 quain
1205 1681 1345 1771 servos,
1371 1681 1637 1781 superterram
1669 1682 1777 1781 ipsius
1896 1681 1900 1688 ’

510 1797 806 1876 commanentes,
822 1782 947 1880 injuste
963 1783 1244 1878 diſtringendos,
1260 1807 1328 1860 nec
1341 1785 1442 1860 ullas
1456 1783 1701 1872 redibitiones,
1714 1800 1778 1862 aut

509 1885 663 1962 illicitas
689 1885 893 1961 occasiones
916 1884 1178 1983 requirendas,
1203 1886 1334 1962 nostris
1354 1911 1423 1962 nec
1447 1884 1582 1960 suturis
1607 1889 1778 1986 tempori-

508 1987 580 2064 bus
594 1987 734 2092 ingredi
750 1985 910 2074 audeat,
935 2011 1004 2062 nec
1020 2009 1084 2074 ea,
1111 2011 1193 2085 quae
1208 1987 1314 2088 supra
1330 2001 1536 2063 memorata
1562 1987 1663 2078 sunt,
1679 1990 1776 2087 peni·

508 2090 570 2164 ius
593 2090 740 2184 exigere
773 2087 998 2188 praesumat,
1034 2088 1094 2163 sed
1116 2090 1227 2165 liceat
1252 2105 1456 2164 memorato
1482 2090 1607 2166 abbati
1630 2090 1775 2187 suisque

507 2189 762 2266 successoribus
789 2213 847 2268 res
875 2189 1035 2288 praeditti
1059 2189 1265 2265 monasterii
1290 2191 1353 2266 sub
1375 2192 1622 2265 immunitatis
1646 2192 1776 2272 nostrae

507 2291 711 2367 defensione
744 2294 867 2388 quieto
888 2294 1016 2367 ordine
1041 2291 1222 2391 possidere.
1275 2291 1458 2384 Quicquid
1482 2293 1596 2365 etiarn
1613 2289 1677 2385 jus
1700 2293 1790 2385 sisci¹

507 2393 642 2468 exinde
674 2393 824 2489 exigere
845 2406 1015 2494 poterat,
1040 2393 1080 2465 in
1094 2391 1279 2488 integrum
1295 2390 1418 2464 eidem
1443 2389 1678 2465 concessimus
1692 2414 1773 2470 mo·

506 2494 684 2584 nasterio,
712 2493 863 2581 scilicet,
878 2510 922 2568 ut
940 2496 978 2569 iii
992 2492 1210 2568 alimoniam
1224 2513 1428 2589 pauperum
1444 2490 1482 2566 δι
1502 2491 1678 2589 stipendia
1691 2516 1772 2568 mo-

505 2597 708 2672 nachorum
723 2594 941 2696 perennibus
956 2591 1184 2690 temporibus
1203 2589 1369 2690 proficiat
1382 2591 1423 2666 in
1446 2593 1668 2688 augmentis.
1720 2597 1774 2674 Et

505 2699 799 2796 quandoquidem
812 2694 938 2770 divina
962 2691 1155 2770 vocatione
1178 2693 1402 2793 supradiiius
1416 2692 1530 2771 abbas
1546 2697 1605 2770 vel
1631 2693 1772 2772 succes·

504 2799 602 2876 sores
616 2797 695 2894 ejus
709 2797 755 2873 de
780 2798 850 2872 hac
865 2798 948 2872 luce
963 2796 1228 2891 migraverint,
1253 2796 1433 2892 quamdiu
1446 2796 1509 2895 ipsi
1525 2799 1700 2874 monachi
1713 2812 1770 2876 ta·

431 2993 436 3002 ,
503 2901 560 2978 ies
575 2901 717 2976 interse
741 2899 906 2975 invenire
921 2899 1130 2997 potuerint,
1156 2899 1222 2995 qui
1236 2895 1351 2996 ipsam
1374 2899 1698 2993 congregationem
1719 2901 1771 2977 se·

367 3003 371 3084 ζ
469 3053 471 3056 -
510 3003 677 3077 cundum
703 3003 872 3098 regulam
886 2999 994 3076 sansti
1018 3000 1208 3075 Benedisti
1232 3021 1358 3094 regere
1384 3001 1559 3088 valeant,
1586 3002 1772 3100 perhanc

504 3103 664 3180 nostram
680 3104 936 3180 austoritatom
952 3101 992 3178 ὃ(
1018 3101 1228 3176 consensum
1240 3101 1598 3177 licentiamhabeant
1611 3092 1769 3197 eligendi

503 3205 677 3294 abbates,
704 3204 876 3302 quatinus
893 3203 975 3302 ipsis
990 3202 1101 3280 servis
1126 3203 1221 3290 Dei,
1246 3202 1312 3298 qui
1326 3201 1462 3276 ibidem
1487 3203 1566 3277 Deo
1584 3202 1768 3280 famulan-

477 3375 479 3380 ,
503 3317 590 3395 tur,
616 3305 734 3405 &pro
750 3307 913 3402 genitore
925 3303 1070 3393 nostro,
1095 3301 1135 3380 dt
1149 3325 1215 3400 pro
1227 3304 1334 3378 nobis
1355 3356 1365 3392 ,
1391 3301 1430 3380 dt
1443 3325 1508 3402 pro
1523 3301 1678 3401 conjuge
1700 3331 1768 3380 no-

501 3405 598 3496 stra,
624 3406 872 3499 &stabilitate
898 3407 1012 3481 totius
1033 3404 1178 3504 imperii
1199 3403 1331 3493 nostri,
1359 3406 1474 3482 aDeo
1487 3407 1592 3482 nobis
1613 3407 1741 3483 collati
1749 3439 1767 3496 ·,

499 3507 635 3606 &ejus
661 3508 1260 3606 clementiffimamiseratione.per
1284 3501 1502 3607 immensum
1518 3507 1766 3600 conservandi,
1863 3511 1869 3518 ’

498 3610 635 3709 jugiter
660 3607 810 3686 Domini
842 3609 1126 3686 misericordiam
1152 3631 1306 3685 exorare
1332 3609 1495 3686 delesiet
1521 3610 1598 3696 -Ei
1617 3624 1659 3685 ut
1683 3611 1767 3687 liaec

499 3713 697 3790 autioritas
722 3711 851 3789 nostris
876 3711 1083 3811 futurisque
1116 3709 1340 3812 temporibus
1372 3711 1533 3788 Domino
1553 3725 1767 3811 protegente

499 3817 625 3893 valeat
640 3814 852 3891 inconvulsa
877 3813 1088 3902 consistere,
1114 3837 1230 3890 manu
1244 3811 1364 3887 nostra
1378 3812 1499 3888 subter
1512 3813 1764 3903 firmavimus,

497 3913 658 4012 &figilli
671 3915 782 3992 nostri
799 3917 1023 4016 impressione
1037 3915 1186 4009 sigillari
1201 3913 1378 4010 juifimus.
1430 3913 1658 4011 Sigehardus
1677 3939 1765 3992 caii·

462 4107 464 4112 ,
495 4018 668 4103 cellarius
687 4018 773 4102 rice
794 4018 968 4118 sigefridi
987 4016 1524 4116 archicancellariirecogiiovi,
1574 4019 1684 4098 Data·
1711 4067 1725 4092 .
1750 4067 1763 4092 .

562 4150 566 4160 .
1134 4166 1137 4171 »
1314 4179 1317 4182 ,
1615 4137 1711 4200 anno

29 716 66 773 Vt!

18 778 23 787 .
