4000 5417
752 493 757 502 ·
888 455 1071 547 Ciriiouss
1098 488 1162 544 nr
1187 457 1420 548 Cninrn·

1601 635 1781 664 m

1603 695 1782 712 *-

515 772 632 873 ceptis
657 771 743 859 his,
769 792 855 867 quae
881 772 926 846 de
952 772 1134 870 praedistis
1147 772 1249 848 villis
1262 770 1433 847 homines
1453 772 1515 848 seu
1528 776 1782 858 ministeriales

515 872 880 950 Laureshammensis
892 873 1053 952 ecclesiae
1063 873 1145 971 jure
1159 873 1363 950 beneficiali
1376 896 1423 948 ex
1439 875 1783 980 antiquopoffident,

517 981 601 1074 q'uae
619 975 753 1050 idcirco
767 975 999 1064 remisimuS,
1026 1001 1072 1051 ne
1085 976 1179 1052 sorte
1193 975 1354 1071 dignitas
1379 979 1517 1073 regalis
1531 981 1688 1058 abbatiae
1710 983 1782 1058 mi·

517 1079 616 1154 litari
632 1077 748 1176 clipeo
772 1131 782 1164 ,
808 1077 870 1175 qui
888 1078 1000 1173 vulgo
1016 1078 1150 1154 dicitur
1175 1074 1371 1176 Hersiliilt,
1396 1077 1576 1156 'subtrasio
1598 1082 1781 1160 diminua-

413 1205 416 1218 ·
517 1191 604 1273 tur.;
631 1179 690 1254 his
705 1201 850 1276 quoque
866 1180 1055 1279 exceptis,
1082 1202 1165 1277 quae
1181 1179 1227 1254 de
1242 1177 1383 1271 eisdem
1396 1180 1498 1256 villis
1521 1184 1570 1257 ad
1596 1185 1785 1263 servitium

513 1279 848 1382 praepositurarum,
859 1281 1041 1370 custodiae,
1047 1297 1175 1380 portae,
1182 1274 1378 1379 hospitalis
1385 1305 1433 1356 ex
1442 1283 1593 1381 antiquo
1608 1282 1784 1385 deputata

502 1385 627 1475 .liint;
654 1398 816 1470 caetera,
841 1399 885 1476 pt
899 1383 1088 1472 diximus,
1115 1384 1155 1458 in
1175 1381 1362 1459 servitium
1377 1382 1416 1458 &
1456 1385 1694 1484 roprietatem
1728 1411 1784 1464 re·

517 1485 580 1584 gni
594 1507 660 1584 per
674 1507 827 1560 manum
843 1485 988 1561 abbatis
1001 1483 1171 1561 consensu
1185 1484 1299 1560 totius
1323 1408 1483 1563 ecclesiae
1503 1489 1711 1565 contradita
1724 1510 1783 1564 re·

517 1587 694 1686 cepimus.
735 1585 925 1663 Donamus
939 1601 1092 1676 autem,
1116 1586 1272 1682 &regia
1288 1586 1506 1663 auetoritate
1521 1590 1783 1671 confirmamus

476 1780 478 1789 Ι
516 1689 687 1788 praedisio
702 1687 824 1764 abbati
851 1690 1062 1765 Folcnando
1084 1687 1123 1766 dt
1149 1689 1318 1765 omnibus
1335 1687 1588 1773 successoribus
1608 1689 1713 1787 ejus,
1738 1704 1782 1767 ut
1862 1763 1879 1786 ,
1916 1715 1919 1718 ’

517 1789 748 1877 beneficiati,
776 1789 1046 1880 ministeriales,
1071 1790 1187 1868 villici
1202 1790 1510 1890 subplemeatiim,
1535 1793 1636 1890 qiiod
1650 1793 1698 1867 ad
1713 1791 1783 1868 ler-

516 1891 653 1970 vitium
686 1892 828 1988 regium
854 1890 1029 1968 hastenus
1054 1893 1314 1980 conserebant,
1341 1894 1512 1992 deinceps
1544 1895 1600 1969 ad·
1621 1893 1784 1970 mensam
1885 1950 1888 1956 -

517 1989 662 2070 abbatis
676 1993 789 2068 libere
815 1993 854 2069 &
867 1993 940 2069 sine
956 1995 1059 2070 omni
1073 1996 1356 2071 contradidione
1382 1997 1606 2094 persolvant,
1631 2020 1699 2071 nec
1714 1996 1783 2071 ali-

376 2183 393 2192 ,
453 2139 455 2142 ·
517 2096 599 2193 quis
622 2095 736 2171 abbas
751 2093 822 2169 hoc
847 2091 1080 2178 concessionis
1100 2094 1230 2175 nostrae
1254 2098 1395 2172 donum
1410 2099 1666 2175 inbeneficiare
1689 2121 1783 2198 prae·

518 2197 648 2273 sumat.
700 2197 783 2271 Hoc
808 2209 935 2272 autem
958 2199 1214 2275 concambium
1227 2197 1267 2274 dt
1292 2198 1421 2276 nostrae
1440 2200 1649 2276 donationis
1673 2199 1784 2277 statu·

518 2313 600 2374 tuin
625 2319 690 2397 per
702 2297 889 2397 praesentis
915 2301 1097 2397 privilegii
1117 2299 1370 2374 austoritatem
1396 2300 1477 2393 lege
1498 2299 1539 2374 in
1562 2314 1784 2398 perpetuum

517 2400 681 2476 valitura
705 2399 997 2491 confirmamus,
1029 2401 1145 2476 edisio
1176 2400 1293 2496 regali
1325 2399 1552 2487 statuentes,
1578 2422 1623 2473 ne
1647 2400 1782 2496 aliquis

521 2500 758 2577 successorum
773 2501 996 2591 nostrorum,
1011 2525 1139 2598 regum
1153 2501 1213 2576 seu
1226 2503 1502 2599 imperatorum,
1518 2514 1585 2575 aut
1598 2500 1783 2596 aliaquae-
1810 2504 1815 2515 '

503 2605 610 2692 vlibet
623 2604 797 2704 persona,
824 2625 962 2700 magna
975 2604 1048 2680 sive
1064 2625 1194 2702 parva,
1220 2602 1291 2677 hoc
1309 2600 1517 2676 concambii
1533 2601 1710 2677 statutum
1725 2602 1783 2677 in·

408 2801 411 2809 ¹
518 2707 677 2803 fringere
702 2703 909 2806 praesumat.
962 2703 1003 2781 Si
1024 2705 1108 2802 quis
1129 2725 1243 2791 vero,
1269 2704 1365 2800 quod
1386 2701 1505 2790 absit,
1532 2702 1665 2779 callare
1687 2718 1783 2778 tem·

517 2809 702 2910 ptaverit,
728 2823 878 2884 centum
903 2809 1017 2886 libras
1036 2807 1116 2883 auri
1137 2818 1363 2904 componat,
1394 2827 1556 2901 quarum
1588 2805 1784 2881 dimidiam

429 3005 430 3008 Ἴ
517 2925 662 3012 partein
676 2933 835 2988 camerae
848 2910 988 3006 regiae,
1014 2909 1197 3004 reliquam
1219 2929 1306 2982 vero
1329 2905 1454 2982 abbati
1479 2904 1784 2982 Laureshamenli

518 3013 710 3113 persolvat.
763 3015 815 3089 Et
838 3027 880 3106 ut
904 3012 985 3090 haec
1009 3012 1132 3087 verius
1164 3007 1385 3094 credantur,
1419 3005 1459 3082 δι
1480 3008 1582 3082 omni
1614 3009 1785 3106 deinceps

519 3128 683 3214 ternpore
697 3109 875 3191 inviolata
902 3114 1113 3198 serventur,
1139 3109 1236 3185 hanc
1253 3109 1337 3185 inde
1352 3122 1494 3184 cartam
1510 3109 1710 3196 conscribi,
1743 3107 1784 3184 dt

519 3214 625 3312 sigilli
648 3215 757 3302 nostri
782 3215 1011 3315 impressione
1036 3212 1167 3309 signari
1192 3209 1364 3286 fecimus·
1413 3209 1534 3286 Testes
1554 3231 1716 3306 quoque,
1741 3208 1783 3284 in

519 3339 679 3416 quorum
701 3316 891 3417 praesentia
914 3316 996 3394 haec
1019 3315 1114 3391 satia
1127 3313 1235 3401 sunt,
1268 3313 1389 3388 subter
1410 3311 1575 3388 annotari
1596 3309 1781 3406 jussimus,

383 3499 387 3507 ,
519 3442 680 3517 quorum
702 3421 854 3496 nomina
878 3419 959 3496 haec
987 3418 1098 3493 sunt:
1125 3414 1322 3491 Heinricus
1347 3414 1583 3510 Mogontinus
1603 3412 1784 3511 archiepis

520 3522 675 3622 scopus,
701 3520 932 3598 Anshelmus
958 3515 1265 3613 Habelbergenfis
1286 3513 1492 3616 episcopus,
1518 3513 1678 3591 Adolsus
1693 3513 1782 3591 Ful·

518 3625 636 3700 densis
651 3623 784 3711 abbas,
810 3621 1008 3698 Heinricus
1032 3619 1309 3705 Hersveldensrs
1324 3618 1449 3705 abbas,
1473 3616 1670 3698 Wibaldus
1692 3616 1784 3692 Cor-

518 3723 696 3822 beigensis
721 3726 860 3812 abbas,
893 3724 1169 3800 Hiiiiriinuiiiis
1202 3721 1435 3796 Parisinus
1461 3740 1594 3795 comas
1612 3719 1784 3807 ,Lunn-

422 3849 425 3863 ’
519 3845 653 3905 wicus
679 3825 911 3924 provincialis
936 3847 1086 3914 comes,
1112 3823 1335 3898 Godesridus
1355 3819 1394 3897 &
1418 3821 1532 3898 frater
1550 3818 1631 3916 ejus
1656 3819 1785 3900 Bobbo

520 3930 700 4016 comitae,
727 3927 925 4016 Heinricus
949 3926 1075 4001 comes
1090 3936 1104 4009 ,'
1126 3923 1321 4018 sigebodo·
1338 3924 1384 3997 do
1409 3921 1539 4011 Stuit,
1566 3922 1787 3999 Lambertus

519 4051 665 4120 comes,
683 4028 855 4112 Eruestus
870 4049 1012 4118 comes,
1026 4022 1297 4115 wolframmus
1308 4047 1453 4120 comes,
1477 4023 1785 4203 Marquappusde
1870 4069 1876 4076 ·
