4000 5417
535 440 612 521 ora
993 430 1356 508 Tnsnrrrouss

536 737 709 817 mansum
735 737 774 813 in
797 734 958 815 Rosea
978 734 1019 813 u
1044 733 1107 833 xij
1128 732 1264 833 jurnal.
1288 731 1335 807 de
1356 744 1456 807 terra
1478 733 1682 822 marutia,
1722 733 1768 813 dt
1802 738 1839 813 in

534 840 734 935 surgerem
746 837 761 935 j
787 840 937 917 vineam
951 836 992 915 dt
1012 836 1167 925 liliam,
1192 835 1232 913 u
1253 834 1435 933 quidquid
1449 836 1496 911 ad
1513 836 1613 933 ipsas
1638 859 1705 913 res
1721 842 1838 935 pern-

536 964 624 1019 nere
639 942 810 1030 videtin,
835 938 990 1026 manis,
1016 938 1151 1026 terris,
1176 937 1342 1036 campis,
1367 938 1509 1035 pratis,
1535 937 1725 1034 pascuis,
1754 962 1836 1038 per-

536 1043 634 1130 viis,
660 1042 779 1131 ditis,
804 1032 931 1120 &tria
941 1041 1146 1139 mancipia,
1172 1040 1343 1126 unllam,
1369 1038 1652 1135 Woligardam,
1682 1039 1836 1119 Artlin·

537 1146 640 1232 dam,
652 1144 780 1221 omnia
794 1144 976 1220 tradimus
987 1156 1102 1239 atque
1116 1140 1412 1219 transfundimus
1426 1140 1465 1216 in
1478 1141 1547 1217 Dei
1565 1143 1735 1243 nomine
1751 1167 1836 1244 per·

536 1248 735 1348 petualiter
748 1248 797 1326 ad
807 1244 1057 1345 poffidendum
1071 1244 1301 1344 stipulatione
1323 1242 1487 1319 subnixa.
1523 1242 1675 1319 Attum
1691 1246 1736 1321 in
1752 1270 1833 1323 mo·

458 1374 468 1385 ·
538 1347 694 1423 ualterio
704 1348 916 1423 Murum
938 1370 1036 1421 anno
1052 1344 1121 1422 XL
1142 1346 1247 1441 regni
1270 1344 1411 1419 domini
1424 1341 1536 1417 nostri
1559 1344 1702 1423 Karoli
1728 1350 1830 1443 regis

352 1494 385 1559 3,
401 1470 488 1559 &9¹-
540 1449 705 1547 glorios,
731 1450 782 1525 lll
803 1471 921 1524 nonas
945 1448 1135 1547 Septemb.
1187 1446 1348 1541 Signum
1379 1445 1594 1543 Haduberti
1628 1446 1670 1525 δι
1704 1448 1827 1527 Wolf·

539 1551 674 1637 hardi,
700 1551 765 1646 qui
778 1550 876 1626 han‘c
902 1550 1138 1625 donationem
1159 1546 1238 1623 lieri
1257 1546 1296 1623 dt
1311 1546 1454 1627 firmari
1475 1564 1723 1644 rogaverunt,
1749 1550 1821 1649 sg-

541 1674 636 1731 num
660 1650 872 1741 Elilsiberti,
899 1650 1152 1740 Ermeniridi,
1177 1646 1343 1726 Berolti.v
1381 1647 1593 1727 Altuuinus
1614 1650 1764 1754 scripsit.

1029 1850 1343 1945 DCCXCVllI.

798 1982 979 2078 Donatio
1007 1980 1228 2077 Erlinwini
1255 1980 1308 2079 εἰ
1334 1976 1553 2071 Sucaeiilt.

544 2152 603 2293 Si
617 2150 760 2249 aliquid
770 2151 817 2229 de
832 2149 1073 2229 facultatibus
1087 2148 1216 2227 nostris
1233 2150 1281 2227 ob
1296 2172 1464 2226 atriorem
1487 2151 1555 2227 Dei
1573 2150 1623 2227 ad
1637 2154 1727 2229 loca
1744 2152 1821 2231 san·

615 2256 756 2329 trorum
782 2255 1052 2339 condonamus,
1078 2253 1150 2327 hoc
1170 2252 1275 2327 nobis
1289 2254 1417 2350 procul
1442 2253 1551 2329 dubio
1565 2257 1667 2353 apud
1694 2257 1817 2350 Deum

542 2354 585 2431 in
599 2369 739 2431 aetema
752 2355 990 2432 retributione
1005 2352 1163 2453 prodesse
1176 2352 1407 2429 confidimus.
1423 2354 1557 2429 Idcirco
1573 2380 1645 2450 ego
1652 2358 1814 2431 Erluuin

543 2454 584 2533 dt
596 2454 731 2551 conjnx
742 2478 829 2531 mea
853 2454 1048 2535 Suenehilt
1061 2456 1244 2531 donamus
1260 2478 1327 2553 pro
1343 2456 1497 2530 remedio
1509 2457 1718 2529 animarum
1737 2480 1807 2529 no-

542 2556 697 2631 strarum
714 2569 825 2649 atque
840 2570 1036 2654 parentum
1051 2554 1277 2644 nostrorum,
1303 2559 1350 2633 de
1366 2558 1484 2657 quibus
1496 2556 1541 2629 ad
1554 2578 1622 2628 nos
1641 2554 1799 2629 dinosci-

542 2665 606 2729 tur
625 2653 849 2751 perveniffe,
880 2667 925 2729 ut
945 2654 1094 2729 veniam
1126 2672 1363 2755 peccatorum
1389 2656 1576 2735 noitrorurn
1604 2656 1647 2731 in
1670 2654 1798 2731 iuturo

540 2766 628 2830 ants
653 2754 775 2829 Deum
800 2754 948 2855 adipisci
961 2776 1192 2846 mereamur,
1219 2762 1408 2837 communi
1426 2758 1565 2837 conirlio
1579 2757 1618 2836 u
1631 2757 1715 2859 pari
1740 2782 1808 2835 vo·

540 2856 686 2931 instate
712 2856 761 2931 ad
776 2854 938 2933 santium
962 2857 1096 2935 Christi
1109 2875 1314 2959 martyrem
1341 2860 1621 2940 Nazariumdm.
1642 2858 1812 2959 hobam]

541 2958 752 3055 legitimam
766 2958 908 3036 invilla
932 2959 1117 3052 Roriam,
1143 2986 1229 3061 quae
1243 2962 1309 3040 lita
1325 2966 1364 3041 in
1377 2990 1472 3065 pago
1498 2964 1639 3042 Lobod
1654 2964 1694 3042 u
1709 2964 1815 3063 quid·
1928 3027 1931 3035 ,

539 3062 632 3157 quid
648 3062 696 3136 ad
710 3062 815 3138 illam
831 3062 1002 3159 legaliter
1015 3062 1174 3164 aspicere
1191 3066 1357 3157 uidetur,
1371 3068 1498 3156 terris,
1527 3068 1714 3151 domibus,
1727 3067 1814 3145 aedi·
1892 3108 1897 3115 ·

537 3160 659 3249 liciis,
694 3162 874 3253 casticiis,
906 3164 1050 3267 vineis,
1083 3168 1198 3265 pratis
1229 3166 1321 3250 dic.¹
1352 3168 1491 3247 Altum
1524 3170 1564 3246 in
1595 3170 1815 3245 monasterio

538 3262 775 3353 lauresham,
790 3288 887 3341 anno
903 3267 951 3342 ab
967 3267 1219 3345 incarnatione
1231 3270 1380 3346 Domini
1396 3272 1594 3362 DCCCLl,
1608 3274 1716 3370 regni
1732 3294 1812 3347 vero

539 3366 733 3443 Lndowici
759 3369 854 3464 regis
875 3367 984 3467 super
1007 3369 1204 3446 orientales
1230 3373 1389 3449 Francos
1409 3374 1500 3463 Xll,
1528 3374 1603 3453 XV
1637 3376 1812 3451 kalendas

355 3495 408 3563 18·
424 3486 497 3571 Μή,
537 3468 652 3645 {emili
679 3468 1052 3652 fiSignundffrffl
1068 3472 1370 3656 &Riffielfflldilsi
1387 3476 1450 3573 qui
1463 3476 1563 3594 hanc
1578 3478 1819 3657 dfnationlem

538 3623 669 3773 scripfi·
706 3592 823 3777 gnum
901 3594 947 3752 e
1054 3626 1066 3665 ,
1284 3631 1297 3669 ,
1362 3580 1541 3723 umberti.
1625 3592 1750 3656 retroc
1777 3600 1822 3655 us

1474 4090 1770 4189 DCCXCIX.
