<?xml version="1.0" encoding="UTF-8"?>
<!DOCTYPE html PUBLIC "-//W3C//DTD XHTML 1.0 Transitional//EN"
    "http://www.w3.org/TR/xhtml1/DTD/xhtml1-transitional.dtd">
<html xmlns="http://www.w3.org/1999/xhtml" xml:lang="en" lang="en">
 <head>
  <title>
</title>
<meta http-equiv="Content-Type" content="text/html;charset=utf-8" />
  <meta name='ocr-system' content='tesseract 3.04.00' />
  <meta name='ocr-capabilities' content='ocr_page ocr_carea ocr_par ocr_line ocrx_word'/>
</head>
<body>
  <div class='ocr_page' id='page_1' title='image "./codexprincipiso00egyegoog_0634.png"; bbox 0 0 4000 5417; ppageno 0'>
   <div class='ocr_carea' id='block_1_1' title="bbox 557 412 1452 534">
    <p class='ocr_par' dir='ltr' id='par_1_1' title="bbox 557 412 1452 534">
     <span class='ocr_line' id='line_1_1' title="bbox 557 412 1452 534; baseline -0.006 -40"><span class='ocrx_word' id='word_1_1' title='bbox 557 438 631 525; x_wconf 73' lang='lat'>578</span> <span class='ocrx_word' id='word_1_2' title='bbox 994 412 1353 494; x_wconf 78' lang='lat' dir='ltr'>Turuurrouus</span> <span class='ocrx_word' id='word_1_3' title='bbox 1447 524 1452 534; x_wconf 86' lang='lat'>.</span> 
     </span>
    </p>
   </div>
   <div class='ocr_carea' id='block_1_2' title="bbox 397 714 1859 1545">
    <p class='ocr_par' dir='ltr' id='par_1_2' title="bbox 397 714 1859 1545">
     <span class='ocr_line' id='line_1_2' title="bbox 559 714 1858 823; baseline -0.008 -15"><span class='ocrx_word' id='word_1_4' title='bbox 559 726 717 815; x_wconf 76' lang='lat' dir='ltr'>manis,</span> <span class='ocrx_word' id='word_1_5' title='bbox 741 721 901 823; x_wconf 85' lang='lat' dir='ltr'>campis,</span> <span class='ocrx_word' id='word_1_6' title='bbox 925 722 1062 822; x_wconf 87' lang='lat' dir='ltr'>pratis,</span> <span class='ocrx_word' id='word_1_7' title='bbox 1088 716 1257 819; x_wconf 80' lang='lat' dir='ltr'>pascuis,</span> <span class='ocrx_word' id='word_1_8' title='bbox 1283 714 1422 803; x_wconf 80' lang='lat' dir='ltr'>vineis,</span> <span class='ocrx_word' id='word_1_9' title='bbox 1447 716 1566 805; x_wconf 83' lang='lat' dir='ltr'>silvis,</span> <span class='ocrx_word' id='word_1_10' title='bbox 1591 716 1723 807; x_wconf 87' lang='lat' dir='ltr'>calis,</span> <span class='ocrx_word' id='word_1_11' title='bbox 1754 718 1858 797; x_wconf 85' lang='lat' dir='ltr'>casa·</span> 
     </span>
     <span class='ocr_line' id='line_1_3' title="bbox 560 819 1859 918; baseline -0.008 -9"><span class='ocrx_word' id='word_1_12' title='bbox 560 832 679 918; x_wconf 88' lang='lat' dir='ltr'>libus,</span> <span class='ocrx_word' id='word_1_13' title='bbox 704 844 802 905; x_wconf 89' lang='lat' dir='ltr'>terra</span> <span class='ocrx_word' id='word_1_14' title='bbox 818 827 921 902; x_wconf 87' lang='lat' dir='ltr'>culta</span> <span class='ocrx_word' id='word_1_15' title='bbox 944 824 985 901; x_wconf 72' lang='grc' dir='ltr'>δι</span> <span class='ocrx_word' id='word_1_16' title='bbox 1006 822 1173 909; x_wconf 90' lang='lat' dir='ltr'>inculta,</span> <span class='ocrx_word' id='word_1_17' title='bbox 1199 819 1329 918; x_wconf 84' lang='lat' dir='ltr'>aquis,</span> <span class='ocrx_word' id='word_1_18' title='bbox 1353 842 1586 917; x_wconf 83' lang='lat' dir='ltr'>aquarumve</span> <span class='ocrx_word' id='word_1_19' title='bbox 1602 821 1859 909; x_wconf 75' lang='lat' dir='ltr'>decuefibus,</span> 
     </span>
     <span class='ocr_line' id='line_1_4' title="bbox 561 921 1857 1031; baseline -0.01 -19"><span class='ocrx_word' id='word_1_20' title='bbox 561 932 747 1031; x_wconf 86' lang='lat' dir='ltr'>mancipia</span> <span class='ocrx_word' id='word_1_21' title='bbox 762 929 822 1003; x_wconf 88' lang='lat' dir='ltr'>his</span> <span class='ocrx_word' id='word_1_22' title='bbox 836 924 1076 1013; x_wconf 81' lang='lat' dir='ltr'><strong>nominibus,</strong></span> <span class='ocrx_word' id='word_1_23' title='bbox 1101 924 1303 1009; x_wconf 85' lang='lat' dir='ltr'>Hildibalt‚</span> <span class='ocrx_word' id='word_1_24' title='bbox 1319 922 1492 1011; x_wconf 88' lang='lat' dir='ltr'>Oltuiwi,</span> <span class='ocrx_word' id='word_1_25' title='bbox 1517 921 1682 1012; x_wconf 83' lang='lat' dir='ltr'>lrmina,</span> <span class='ocrx_word' id='word_1_26' title='bbox 1712 925 1857 1000; x_wconf 90' lang='lat' dir='ltr'>Heilit·</span> 
     </span>
     <span class='ocr_line' id='line_1_5' title="bbox 564 1022 1857 1123; baseline -0.009 -9"><span class='ocrx_word' id='word_1_27' title='bbox 564 1038 630 1114; x_wconf 84' lang='lat' dir='ltr'>ilat</span> <span class='ocrx_word' id='word_1_28' title='bbox 652 1089 665 1123; x_wconf 89' lang='lat'>,</span> <span class='ocrx_word' id='word_1_29' title='bbox 689 1030 918 1117; x_wconf 83' lang='lat' dir='ltr'>Gundichu,</span> <span class='ocrx_word' id='word_1_30' title='bbox 943 1026 1131 1114; x_wconf 88' lang='lat' dir='ltr'>Liebhilt,</span> <span class='ocrx_word' id='word_1_31' title='bbox 1170 1024 1341 1111; x_wconf 84' lang='lat' dir='ltr'>Bertolt,</span> <span class='ocrx_word' id='word_1_32' title='bbox 1364 1025 1543 1101; x_wconf 85' lang='lat' dir='ltr'>Lantbret</span> <span class='ocrx_word' id='word_1_33' title='bbox 1573 1022 1653 1103; x_wconf 64' lang='lat' dir='ltr'>&amp;u</span> <span class='ocrx_word' id='word_1_34' title='bbox 1711 1024 1857 1103; x_wconf 73' lang='lat' dir='ltr'>Arum</span> 
     </span>
     <span class='ocr_line' id='line_1_6' title="bbox 397 1124 1857 1243; baseline -0.019 -26"><span class='ocrx_word' id='word_1_35' title='bbox 397 1148 535 1231; x_wconf 62' lang='lat' dir='ltr'>sance</span> <span class='ocrx_word' id='word_1_36' title='bbox 565 1138 713 1243; x_wconf 89' lang='lat' dir='ltr'>publice</span> <span class='ocrx_word' id='word_1_37' title='bbox 735 1134 774 1209; x_wconf 89' lang='lat' dir='ltr'>in</span> <span class='ocrx_word' id='word_1_38' title='bbox 790 1130 1011 1209; x_wconf 77' lang='lat' dir='ltr'>monasteris</span> <span class='ocrx_word' id='word_1_39' title='bbox 1032 1129 1246 1211; x_wconf 71' lang='lat' dir='ltr'>serrulam</span> <span class='ocrx_word' id='word_1_40' title='bbox 1267 1124 1338 1203; x_wconf 89' lang='lat' dir='ltr'>XV</span> <span class='ocrx_word' id='word_1_41' title='bbox 1358 1126 1539 1203; x_wconf 80' lang='lat' dir='ltr'>kalendas</span> <span class='ocrx_word' id='word_1_42' title='bbox 1553 1127 1715 1226; x_wconf 69' lang='lat' dir='ltr'>laeuam</span> <span class='ocrx_word' id='word_1_43' title='bbox 1774 1130 1857 1225; x_wconf 85' lang='lat' dir='ltr'>Sig.</span> 
     </span>
     <span class='ocr_line' id='line_1_7' title="bbox 564 1227 1857 1325; baseline -0.012 -5"><span class='ocrx_word' id='word_1_44' title='bbox 564 1264 657 1320; x_wconf 85' lang='lat' dir='ltr'>uum</span> <span class='ocrx_word' id='word_1_45' title='bbox 679 1232 918 1314; x_wconf 81' lang='lat' dir='ltr'>Etlebaldi&amp;</span> <span class='ocrx_word' id='word_1_46' title='bbox 942 1230 1189 1320; x_wconf 87' lang='lat' dir='ltr'>Werinbaldi‚</span> <span class='ocrx_word' id='word_1_47' title='bbox 1215 1228 1280 1325; x_wconf 90' lang='lat' dir='ltr'>qui</span> <span class='ocrx_word' id='word_1_48' title='bbox 1294 1227 1391 1303; x_wconf 90' lang='lat' dir='ltr'>hanc</span> <span class='ocrx_word' id='word_1_49' title='bbox 1413 1228 1655 1305; x_wconf 85' lang='lat' dir='ltr'>donatiouem</span> <span class='ocrx_word' id='word_1_50' title='bbox 1669 1230 1857 1317; x_wconf 79' lang='lat' dir='ltr'>fecerunt,</span> 
     </span>
     <span class='ocr_line' id='line_1_8' title="bbox 565 1328 1857 1441; baseline -0.012 -18"><span class='ocrx_word' id='word_1_51' title='bbox 565 1343 710 1441; x_wconf 79' lang='lat' dir='ltr'>signum</span> <span class='ocrx_word' id='word_1_52' title='bbox 742 1336 892 1415; x_wconf 85' lang='lat' dir='ltr'>lsruheti</span> <span class='ocrx_word' id='word_1_53' title='bbox 921 1333 1158 1437; x_wconf 76' lang='lat' dir='ltr'>presbiteri,</span> <span class='ocrx_word' id='word_1_54' title='bbox 1189 1328 1402 1423; x_wconf 81' lang='lat' dir='ltr'>waltheri,</span> <span class='ocrx_word' id='word_1_55' title='bbox 1425 1330 1642 1417; x_wconf 78' lang='lat' dir='ltr'><strong>williberti.</strong></span> <span class='ocrx_word' id='word_1_56' title='bbox 1696 1331 1857 1414; x_wconf 77' lang='lat' dir='ltr'>Samuel</span> 
     </span>
     <span class='ocr_line' id='line_1_9' title="bbox 566 1443 1745 1545; baseline -0.011 -21"><span class='ocrx_word' id='word_1_57' title='bbox 566 1443 716 1545; x_wconf 73' lang='lat' dir='ltr'>scripsit.</span> <span class='ocrx_word' id='word_1_58' title='bbox 1741 1506 1745 1511; x_wconf 86' lang='lat'><em>.</em></span> 
     </span>
    </p>
   </div>
   <div class='ocr_carea' id='block_1_3' title="bbox 1575 1449 1579 1459">
    <p class='ocr_par' dir='ltr' id='par_1_3' title="bbox 1575 1449 1579 1459">
     <span class='ocr_line' id='line_1_10' title="bbox 1575 1449 1579 1459; baseline 0 0"><span class='ocrx_word' id='word_1_59' title='bbox 1575 1449 1579 1459; x_wconf 77' lang='lat' dir='ltr'>v</span> 
     </span>
    </p>
   </div>
   <div class='ocr_carea' id='block_1_4' title="bbox 829 1578 1572 1881">
    <p class='ocr_par' dir='ltr' id='par_1_4' title="bbox 829 1578 1572 1881">
     <span class='ocr_line' id='line_1_11' title="bbox 941 1578 1325 1733; baseline -0.013 0"><span class='ocrx_word' id='word_1_60' title='bbox 941 1578 949 1587; x_wconf 36' lang='lat'>⁸</span> <span class='ocrx_word' id='word_1_61' title='bbox 1087 1636 1325 1733; x_wconf 77' lang='lat' dir='ltr'>nccruu.</span> 
     </span>
     <span class='ocr_line' id='line_1_12' title="bbox 829 1765 1572 1881; baseline -0.005 -20"><span class='ocrx_word' id='word_1_62' title='bbox 829 1768 1011 1861; x_wconf 75' lang='lat' dir='ltr'>Doaauo</span> <span class='ocrx_word' id='word_1_63' title='bbox 1040 1767 1223 1881; x_wconf 84' lang='lat' dir='ltr'>Rudingi</span> <span class='ocrx_word' id='word_1_64' title='bbox 1248 1768 1290 1854; x_wconf 81' lang='lat' dir='ltr'>in</span> <span class='ocrx_word' id='word_1_65' title='bbox 1324 1766 1393 1860; x_wconf 87' lang='lat' dir='ltr'><em>W</em></span> <span class='ocrx_word' id='word_1_66' title='bbox 1385 1765 1572 1881; x_wconf 65' lang='lat' dir='ltr'>ibilingm</span> 
     </span>
    </p>
   </div>
   <div class='ocr_carea' id='block_1_5' title="bbox 564 1936 1848 2654">
    <p class='ocr_par' dir='ltr' id='par_1_5' title="bbox 375 1934 1849 2135">
     <span class='ocr_line' id='line_1_13' title="bbox 564 1936 1848 2135; baseline 0.004 -14.231"><span class='ocrx_word' id='word_1_67' title='bbox 564 1955 618 2087; x_wconf 84' lang='lat' dir='ltr'>1n</span> <span class='ocrx_word' id='word_1_68' title='bbox 1023 2036 1412 2135; x_wconf 54' lang='lat' dir='ltr'>l</span> <span class='ocrx_word' id='word_1_69' title='bbox 1433 1936 1848 2025; x_wconf 50' lang='grc' dir='ltr'><strong>Μ</strong></span> 
     </span>
     <span class='ocr_line' id='line_1_14' title="bbox 1420 2089 1430 2125; baseline 0 0"><span class='ocrx_word' id='word_1_70' title='bbox 1420 2089 1430 2125; x_wconf 74' lang='lat'><em>5</em></span> 
     </span>
    </p>

    <p class='ocr_par' dir='ltr' id='par_1_6' title="bbox 566 2068 1846 2237">
     <span class='ocr_line' id='line_1_15' title="bbox 566 2068 1846 2237; baseline -0.009 -10"><span class='ocrx_word' id='word_1_71' title='bbox 566 2068 793 2229; x_wconf 53' lang='lat' dir='ltr'>adrseagrumttum</span> <span class='ocrx_word' id='word_1_72' title='bbox 800 2145 869 2222; x_wconf 87' lang='lat' dir='ltr'>Dei</span> <span class='ocrx_word' id='word_1_73' title='bbox 884 2156 1090 2237; x_wconf 77' lang='lat' dir='ltr'>martyrem</span> <span class='ocrx_word' id='word_1_74' title='bbox 1104 2140 1150 2215; x_wconf 86' lang='lat' dir='ltr'>N.</span> <span class='ocrx_word' id='word_1_75' title='bbox 1168 2137 1239 2215; x_wconf 76' lang='lat' dir='ltr'>&amp;c</span> <span class='ocrx_word' id='word_1_76' title='bbox 1257 2139 1296 2214; x_wconf 87' lang='lat' dir='ltr'>iu</span> <span class='ocrx_word' id='word_1_77' title='bbox 1325 2138 1521 2234; x_wconf 79' lang='lat' dir='ltr'>Wiilinga</span> <span class='ocrx_word' id='word_1_78' title='bbox 1530 2137 1546 2236; x_wconf 84' lang='lat' dir='ltr'><strong>j</strong></span> <span class='ocrx_word' id='word_1_79' title='bbox 1561 2068 1735 2221; x_wconf 54' lang='lat' dir='ltr'>mansglpm</span> <span class='ocrx_word' id='word_1_80' title='bbox 1746 2173 1846 2227; x_wconf 64' lang='lat' dir='ltr'>¹eum</span> 
     </span>
    </p>

    <p class='ocr_par' dir='ltr' id='par_1_7' title="bbox 566 2239 1846 2348">
     <span class='ocr_line' id='line_1_16' title="bbox 566 2239 1846 2348; baseline 0.002 -21"><span class='ocrx_word' id='word_1_81' title='bbox 566 2248 700 2337; x_wconf 82' lang='lat' dir='ltr'>terris,</span> <span class='ocrx_word' id='word_1_82' title='bbox 725 2246 763 2323; x_wconf 81' lang='lat' dir='ltr'>lit</span> <span class='ocrx_word' id='word_1_83' title='bbox 787 2247 826 2321; x_wconf 89' lang='lat' dir='ltr'>iu</span> <span class='ocrx_word' id='word_1_84' title='bbox 849 2244 1046 2339; x_wconf 63' lang='lat' dir='ltr'>Bergehim</span> <span class='ocrx_word' id='word_1_85' title='bbox 1057 2239 1076 2337; x_wconf 71' lang='lat' dir='ltr'>j·</span> <span class='ocrx_word' id='word_1_86' title='bbox 1100 2242 1249 2316; x_wconf 86' lang='lat' dir='ltr'>vineam</span> <span class='ocrx_word' id='word_1_87' title='bbox 1275 2262 1299 2315; x_wconf 82' lang='lat' dir='ltr'>a</span> <span class='ocrx_word' id='word_1_88' title='bbox 1320 2240 1381 2315; x_wconf 88' lang='lat' dir='ltr'>die</span> <span class='ocrx_word' id='word_1_89' title='bbox 1398 2241 1566 2341; x_wconf 76' lang='lat' dir='ltr'>praesenti</span> <span class='ocrx_word' id='word_1_90' title='bbox 1588 2248 1695 2320; x_wconf 83' lang='lat' dir='ltr'>trade</span> <span class='ocrx_word' id='word_1_91' title='bbox 1727 2268 1846 2348; x_wconf 85' lang='lat' dir='ltr'>atque</span> 
     </span>
    </p>

    <p class='ocr_par' dir='ltr' id='par_1_8' title="bbox 566 2342 1846 2450">
     <span class='ocr_line' id='line_1_17' title="bbox 566 2342 1846 2450; baseline -0.005 -19"><span class='ocrx_word' id='word_1_92' title='bbox 566 2348 787 2431; x_wconf 83' lang='lat' dir='ltr'>transfundo</span> <span class='ocrx_word' id='word_1_93' title='bbox 801 2348 839 2422; x_wconf 91' lang='lat' dir='ltr'>in</span> <span class='ocrx_word' id='word_1_94' title='bbox 864 2346 935 2421; x_wconf 84' lang='lat' dir='ltr'>Dei</span> <span class='ocrx_word' id='word_1_95' title='bbox 948 2344 1096 2421; x_wconf 86' lang='lat' dir='ltr'>nomine</span> <span class='ocrx_word' id='word_1_96' title='bbox 1112 2342 1371 2442; x_wconf 84' lang='lat' dir='ltr'>perpetualiter</span> <span class='ocrx_word' id='word_1_97' title='bbox 1384 2344 1434 2417; x_wconf 89' lang='lat' dir='ltr'>ad</span> <span class='ocrx_word' id='word_1_98' title='bbox 1457 2342 1702 2441; x_wconf 85' lang='lat' dir='ltr'>possidendum</span> <span class='ocrx_word' id='word_1_99' title='bbox 1724 2350 1846 2450; x_wconf 87' lang='lat' dir='ltr'>stipu-</span> 
     </span>
    </p>

    <p class='ocr_par' dir='ltr' id='par_1_9' title="bbox 566 2442 1847 2532">
     <span class='ocr_line' id='line_1_18' title="bbox 566 2442 1847 2532; baseline -0.005 0"><span class='ocrx_word' id='word_1_100' title='bbox 566 2456 706 2532; x_wconf 78' lang='lat' dir='ltr'>latione</span> <span class='ocrx_word' id='word_1_101' title='bbox 719 2449 884 2524; x_wconf 78' lang='lat' dir='ltr'>subnixa.</span> <span class='ocrx_word' id='word_1_102' title='bbox 937 2445 1073 2522; x_wconf 77' lang='lat' dir='ltr'>Alium</span> <span class='ocrx_word' id='word_1_103' title='bbox 1087 2444 1125 2519; x_wconf 89' lang='lat' dir='ltr'>in</span> <span class='ocrx_word' id='word_1_104' title='bbox 1140 2443 1354 2521; x_wconf 79' lang='lat' dir='ltr'>monasterio</span> <span class='ocrx_word' id='word_1_105' title='bbox 1380 2442 1584 2519; x_wconf 70' lang='lat' dir='ltr'>Laurum</span> <span class='ocrx_word' id='word_1_106' title='bbox 1603 2448 1663 2520; x_wconf 87' lang='lat' dir='ltr'>die</span> <span class='ocrx_word' id='word_1_107' title='bbox 1676 2448 1720 2522; x_wconf 78' lang='lat' dir='ltr'>tit</span> <span class='ocrx_word' id='word_1_108' title='bbox 1733 2465 1847 2527; x_wconf 84' lang='lat' dir='ltr'>tem-</span> 
     </span>
    </p>

    <p class='ocr_par' dir='ltr' id='par_1_10' title="bbox 567 2545 1839 2654">
     <span class='ocr_line' id='line_1_19' title="bbox 567 2545 1839 2654; baseline -0.001 -27"><span class='ocrx_word' id='word_1_109' title='bbox 567 2576 656 2654; x_wconf 88' lang='lat' dir='ltr'>pore</span> <span class='ocrx_word' id='word_1_110' title='bbox 668 2573 742 2649; x_wconf 89' lang='lat' dir='ltr'>quo</span> <span class='ocrx_word' id='word_1_111' title='bbox 757 2547 873 2645; x_wconf 80' lang='lat' dir='ltr'>supra</span> <span class='ocrx_word' id='word_1_112' title='bbox 925 2548 1086 2640; x_wconf 88' lang='lat' dir='ltr'>Signum</span> <span class='ocrx_word' id='word_1_113' title='bbox 1110 2545 1301 2643; x_wconf 83' lang='lat' dir='ltr'>Rudingi,</span> <span class='ocrx_word' id='word_1_114' title='bbox 1328 2546 1391 2643; x_wconf 91' lang='lat' dir='ltr'>qui</span> <span class='ocrx_word' id='word_1_115' title='bbox 1416 2545 1503 2619; x_wconf 82' lang='lat' dir='ltr'>hauc</span> <span class='ocrx_word' id='word_1_116' title='bbox 1521 2546 1755 2621; x_wconf 84' lang='lat' dir='ltr'>donationem</span> <span class='ocrx_word' id='word_1_117' title='bbox 1772 2551 1839 2627; x_wconf 85' lang='lat' dir='ltr'>fe-</span> 
     </span>
    </p>
   </div>
   <div class='ocr_carea' id='block_1_6' title="bbox 566 2644 1838 2745">
    <p class='ocr_par' dir='ltr' id='par_1_11' title="bbox 566 2644 1838 2745">
     <span class='ocr_line' id='line_1_20' title="bbox 566 2644 1838 2745; baseline -0.001 -17"><span class='ocrx_word' id='word_1_118' title='bbox 566 2654 643 2740; x_wconf 89' lang='lat' dir='ltr'>eit,</span> <span class='ocrx_word' id='word_1_119' title='bbox 676 2649 821 2745; x_wconf 74' lang='lat' dir='ltr'>signum</span> <span class='ocrx_word' id='word_1_120' title='bbox 846 2646 1049 2745; x_wconf 81' lang='lat' dir='ltr'>Egishcri,</span> <span class='ocrx_word' id='word_1_121' title='bbox 1084 2646 1294 2738; x_wconf 81' lang='lat' dir='ltr'>Hucberti‚</span> <span class='ocrx_word' id='word_1_122' title='bbox 1326 2644 1528 2727; x_wconf 83' lang='lat' dir='ltr'>Humteni.</span> <span class='ocrx_word' id='word_1_123' title='bbox 1573 2646 1838 2744; x_wconf 73' lang='lat' dir='ltr'>Regntertus</span> 
     </span>
    </p>
   </div>
   <div class='ocr_carea' id='block_1_7' title="bbox 562 2750 1553 3119">
    <p class='ocr_par' dir='ltr' id='par_1_12' title="bbox 562 2750 1553 3119">
     <span class='ocr_line' id='line_1_21' title="bbox 562 2750 712 2856; baseline -0.033 -23"><span class='ocrx_word' id='word_1_124' title='bbox 562 2750 712 2856; x_wconf 73' lang='lat' dir='ltr'>scripfit.</span> 
     </span>
     <span class='ocr_line' id='line_1_22' title="bbox 1090 2868 1309 2967; baseline -0.018 -4"><span class='ocrx_word' id='word_1_125' title='bbox 1090 2868 1309 2967; x_wconf 77' lang='lat' dir='ltr'><strong>DOEXV.</strong></span> 
     </span>
     <span class='ocr_line' id='line_1_23' title="bbox 859 3004 1553 3119; baseline -0.009 -18"><span class='ocrx_word' id='word_1_126' title='bbox 859 3004 1042 3101; x_wconf 75' lang='lat' dir='ltr'>Donatio</span> <span class='ocrx_word' id='word_1_127' title='bbox 1069 3005 1274 3099; x_wconf 79' lang='lat' dir='ltr'>Erlebasdi</span> <span class='ocrx_word' id='word_1_128' title='bbox 1290 3004 1553 3119; x_wconf 76' lang='lat' dir='ltr'>praesbiteri.</span> 
     </span>
    </p>
   </div>
   <div class='ocr_carea' id='block_1_8' title="bbox 555 3170 1849 4093">
    <p class='ocr_par' dir='ltr' id='par_1_13' title="bbox 562 3170 1846 3319">
     <span class='ocr_line' id='line_1_24' title="bbox 562 3170 1846 3319; baseline 0 -68"><span class='ocrx_word' id='word_1_129' title='bbox 562 3175 698 3319; x_wconf 77' lang='lat' dir='ltr'>Anno</span> <span class='ocrx_word' id='word_1_130' title='bbox 712 3197 787 3273; x_wconf 91' lang='lat' dir='ltr'>quo</span> <span class='ocrx_word' id='word_1_131' title='bbox 804 3170 909 3273; x_wconf 86' lang='lat' dir='ltr'>supra</span> <span class='ocrx_word' id='word_1_132' title='bbox 923 3198 994 3271; x_wconf 89' lang='lat' dir='ltr'>ego</span> <span class='ocrx_word' id='word_1_133' title='bbox 1020 3170 1242 3251; x_wconf 81' lang='lat' dir='ltr'>Erl&#39;ebasdus</span> <span class='ocrx_word' id='word_1_134' title='bbox 1256 3172 1433 3273; x_wconf 87' lang='lat' dir='ltr'>presbiter</span> <span class='ocrx_word' id='word_1_135' title='bbox 1446 3196 1513 3274; x_wconf 91' lang='lat' dir='ltr'>pro</span> <span class='ocrx_word' id='word_1_136' title='bbox 1527 3174 1846 3259; x_wconf 73' lang='lat' dir='ltr'>remedioanimae</span> 
     </span>
    </p>

    <p class='ocr_par' dir='ltr' id='par_1_14' title="bbox 555 3272 1849 4093">
     <span class='ocr_line' id='line_1_25' title="bbox 652 3272 1842 3375; baseline 0.004 -22"><span class='ocrx_word' id='word_1_137' title='bbox 652 3302 747 3355; x_wconf 83' lang='lat' dir='ltr'>meae</span> <span class='ocrx_word' id='word_1_138' title='bbox 760 3278 856 3351; x_wconf 89' lang='lat' dir='ltr'>douo</span> <span class='ocrx_word' id='word_1_139' title='bbox 871 3272 919 3351; x_wconf 86' lang='lat' dir='ltr'>ad</span> <span class='ocrx_word' id='word_1_140' title='bbox 934 3276 1094 3351; x_wconf 76' lang='lat' dir='ltr'>santium</span> <span class='ocrx_word' id='word_1_141' title='bbox 1109 3278 1177 3353; x_wconf 89' lang='lat' dir='ltr'>Dei</span> <span class='ocrx_word' id='word_1_142' title='bbox 1193 3291 1397 3373; x_wconf 88' lang='lat' dir='ltr'>martyrem</span> <span class='ocrx_word' id='word_1_143' title='bbox 1413 3276 1842 3375; x_wconf 73' lang='lat' dir='ltr'>Nazariumuejman-</span> 
     </span>
     <span class='ocr_line' id='line_1_26' title="bbox 562 3376 1842 3479; baseline 0.001 -21"><span class='ocrx_word' id='word_1_144' title='bbox 562 3382 645 3458; x_wconf 81' lang='lat' dir='ltr'>fu&#39;m</span> <span class='ocrx_word' id='word_1_145' title='bbox 661 3380 701 3456; x_wconf 88' lang='lat' dir='ltr'>in</span> <span class='ocrx_word' id='word_1_146' title='bbox 729 3376 784 3458; x_wconf 88' lang='lat' dir='ltr'><em>W</em></span> <span class='ocrx_word' id='word_1_147' title='bbox 781 3377 925 3473; x_wconf 80' lang='lat' dir='ltr'>iiisingu</span> <span class='ocrx_word' id='word_1_148' title='bbox 936 3376 975 3453; x_wconf 75' lang='grc' dir='ltr'>δι</span> <span class='ocrx_word' id='word_1_149' title='bbox 990 3378 1166 3476; x_wconf 87' lang='lat' dir='ltr'>quidquid</span> <span class='ocrx_word' id='word_1_150' title='bbox 1180 3380 1227 3452; x_wconf 89' lang='lat' dir='ltr'>ad</span> <span class='ocrx_word' id='word_1_151' title='bbox 1242 3378 1359 3477; x_wconf 85' lang='lat' dir='ltr'>ipsum</span> <span class='ocrx_word' id='word_1_152' title='bbox 1373 3380 1542 3455; x_wconf 87' lang='lat' dir='ltr'>mansum</span> <span class='ocrx_word' id='word_1_153' title='bbox 1557 3380 1713 3479; x_wconf 83' lang='lat' dir='ltr'>aspicere</span> <span class='ocrx_word' id='word_1_154' title='bbox 1727 3384 1842 3459; x_wconf 82' lang='lat' dir='ltr'>vide-</span> 
     </span>
     <span class='ocr_line' id='line_1_27' title="bbox 561 3478 1845 3573; baseline 0.003 -12"><span class='ocrx_word' id='word_1_155' title='bbox 561 3494 649 3569; x_wconf 89' lang='lat' dir='ltr'>tur,</span> <span class='ocrx_word' id='word_1_156' title='bbox 674 3482 765 3557; x_wconf 87' lang='lat' dir='ltr'>item</span> <span class='ocrx_word' id='word_1_157' title='bbox 789 3479 831 3554; x_wconf 87' lang='lat' dir='ltr'>in</span> <span class='ocrx_word' id='word_1_158' title='bbox 856 3480 1094 3569; x_wconf 75' lang='lat' dir='ltr'>Grauessoim,</span> <span class='ocrx_word' id='word_1_159' title='bbox 1121 3478 1345 3557; x_wconf 75' lang='lat' dir='ltr'>similiter&amp;</span> <span class='ocrx_word' id='word_1_160' title='bbox 1366 3480 1404 3555; x_wconf 91' lang='lat' dir='ltr'>in</span> <span class='ocrx_word' id='word_1_161' title='bbox 1430 3480 1650 3573; x_wconf 62' lang='lat' dir='ltr'>Nastae,</span> <span class='ocrx_word' id='word_1_162' title='bbox 1674 3485 1768 3561; x_wconf 88' lang='lat' dir='ltr'>item</span> <span class='ocrx_word' id='word_1_163' title='bbox 1793 3488 1845 3565; x_wconf 80' lang='lat' dir='ltr'>&#39;us</span> 
     </span>
     <span class='ocr_line' id='line_1_28' title="bbox 562 3578 1845 3681; baseline 0.003 -21"><span class='ocrx_word' id='word_1_164' title='bbox 562 3582 758 3679; x_wconf 75' lang='lat' dir='ltr'>Bergesnim</span> <span class='ocrx_word' id='word_1_165' title='bbox 784 3580 823 3657; x_wconf 81' lang='lat' dir='ltr'>lit</span> <span class='ocrx_word' id='word_1_166' title='bbox 843 3580 883 3655; x_wconf 89' lang='lat' dir='ltr'>in</span> <span class='ocrx_word' id='word_1_167' title='bbox 907 3578 1153 3672; x_wconf 74' lang='lat' dir='ltr'>Eiiciensuim,</span> <span class='ocrx_word' id='word_1_168' title='bbox 1166 3582 1227 3661; x_wconf 83' lang='lat' dir='ltr'>vel</span> <span class='ocrx_word' id='word_1_169' title='bbox 1249 3580 1427 3681; x_wconf 86' lang='lat' dir='ltr'>quidquid</span> <span class='ocrx_word' id='word_1_170' title='bbox 1442 3583 1481 3657; x_wconf 93' lang='lat' dir='ltr'>in</span> <span class='ocrx_word' id='word_1_171' title='bbox 1500 3582 1580 3679; x_wconf 78' lang='lat' dir='ltr'>Jam</span> <span class='ocrx_word' id='word_1_172' title='bbox 1595 3584 1701 3660; x_wconf 75' lang='lat' dir='ltr'>ditus</span> <span class='ocrx_word' id='word_1_173' title='bbox 1716 3588 1845 3680; x_wconf 72' lang='lat' dir='ltr'>lociS,</span> 
     </span>
     <span class='ocr_line' id='line_1_29' title="bbox 560 3680 1849 3785; baseline 0.002 -21"><span class='ocrx_word' id='word_1_174' title='bbox 560 3700 626 3764; x_wconf 80' lang='lat' dir='ltr'>aut</span> <span class='ocrx_word' id='word_1_175' title='bbox 647 3685 858 3780; x_wconf 88' lang='lat' dir='ltr'>ubicunque</span> <span class='ocrx_word' id='word_1_176' title='bbox 881 3680 1098 3761; x_wconf 80' lang='lat' dir='ltr'>timentibus</span> <span class='ocrx_word' id='word_1_177' title='bbox 1119 3686 1240 3760; x_wconf 89' lang='lat' dir='ltr'>Deum</span> <span class='ocrx_word' id='word_1_178' title='bbox 1255 3682 1465 3761; x_wconf 84' lang='lat' dir='ltr'>homiuibus</span> <span class='ocrx_word' id='word_1_179' title='bbox 1480 3708 1504 3761; x_wconf 88' lang='lat' dir='ltr'>a</span> <span class='ocrx_word' id='word_1_180' title='bbox 1518 3694 1578 3761; x_wconf 84' lang='lat' dir='ltr'>me</span> <span class='ocrx_word' id='word_1_181' title='bbox 1593 3686 1819 3785; x_wconf 83' lang='lat' dir='ltr'>delegatum</span> <span class='ocrx_word' id='word_1_182' title='bbox 1831 3747 1849 3783; x_wconf 90' lang='lat'>,</span> 
     </span>
     <span class='ocr_line' id='line_1_30' title="bbox 560 3784 1847 3887; baseline 0.005 -24"><span class='ocrx_word' id='word_1_183' title='bbox 560 3787 625 3864; x_wconf 91' lang='lat' dir='ltr'>ubi</span> <span class='ocrx_word' id='word_1_184' title='bbox 640 3787 815 3861; x_wconf 80' lang='lat' dir='ltr'>moderno</span> <span class='ocrx_word' id='word_1_185' title='bbox 832 3797 996 3883; x_wconf 88' lang='lat' dir='ltr'>tempore</span> <span class='ocrx_word' id='word_1_186' title='bbox 1017 3808 1100 3861; x_wconf 78' lang='lat' dir='ltr'>mea</span> <span class='ocrx_word' id='word_1_187' title='bbox 1119 3785 1350 3861; x_wconf 82' lang='lat' dir='ltr'>videturesse</span> <span class='ocrx_word' id='word_1_188' title='bbox 1371 3784 1550 3887; x_wconf 85' lang='lat' dir='ltr'>polseffio,</span> <span class='ocrx_word' id='word_1_189' title='bbox 1574 3802 1654 3866; x_wconf 71' lang='lat' dir='ltr'>um</span> <span class='ocrx_word' id='word_1_190' title='bbox 1681 3793 1847 3885; x_wconf 80' lang='lat' dir='ltr'>mansus,</span> 
     </span>
     <span class='ocr_line' id='line_1_31' title="bbox 559 3886 1849 4003; baseline 0.002 -38"><span class='ocrx_word' id='word_1_191' title='bbox 559 3889 720 3988; x_wconf 85' lang='lat' dir='ltr'>campis,</span> <span class='ocrx_word' id='word_1_192' title='bbox 746 3886 852 3962; x_wconf 86' lang='lat' dir='ltr'>terr-is</span> <span class='ocrx_word' id='word_1_193' title='bbox 878 3889 1018 3985; x_wconf 85' lang='lat' dir='ltr'>pratis,</span> <span class='ocrx_word' id='word_1_194' title='bbox 1044 3887 1187 3975; x_wconf 85' lang='lat' dir='ltr'>vineis,</span> <span class='ocrx_word' id='word_1_195' title='bbox 1213 3887 1373 4003; x_wconf 88' lang='lat' dir='ltr'>perviis,</span> <span class='ocrx_word' id='word_1_196' title='bbox 1401 3886 1517 3978; x_wconf 76' lang='lat' dir='ltr'>silvis,</span> <span class='ocrx_word' id='word_1_197' title='bbox 1543 3892 1654 3989; x_wconf 87' lang='lat' dir='ltr'>aquis</span> <span class='ocrx_word' id='word_1_198' title='bbox 1676 3892 1849 3993; x_wconf 82' lang='lat' dir='ltr'>piscato-</span> 
     </span>
     <span class='ocr_line' id='line_1_32' title="bbox 555 3986 1849 4093; baseline 0.004 -22"><span class='ocrx_word' id='word_1_199' title='bbox 555 3990 646 4083; x_wconf 85' lang='lat' dir='ltr'>riis,</span> <span class='ocrx_word' id='word_1_200' title='bbox 667 4006 901 4093; x_wconf 69' lang='lat' dir='ltr'>‘aquarumve</span> <span class='ocrx_word' id='word_1_201' title='bbox 915 3988 1144 4083; x_wconf 80' lang='lat' dir='ltr'>decursibus,</span> <span class='ocrx_word' id='word_1_202' title='bbox 1157 3986 1223 4091; x_wconf 82' lang='lat' dir='ltr'>&amp;J</span> <span class='ocrx_word' id='word_1_203' title='bbox 1238 3990 1363 4071; x_wconf 85' lang='lat' dir='ltr'>locum</span> <span class='ocrx_word' id='word_1_204' title='bbox 1378 3990 1428 4070; x_wconf 80' lang='lat' dir='ltr'>ad</span> <span class='ocrx_word' id='word_1_205' title='bbox 1441 3989 1592 4075; x_wconf 78' lang='lat' dir='ltr'>vineam</span> <span class='ocrx_word' id='word_1_206' title='bbox 1605 3992 1849 4093; x_wconf 79' lang='lat' dir='ltr'>faciendam,</span> 
     </span>
    </p>
   </div>
   <div class='ocr_carea' id='block_1_9' title="bbox 0 0 2004 5417">
    <p class='ocr_par' dir='ltr' id='par_1_15' title="bbox 0 0 2004 5417">
     <span class='ocr_line' id='line_1_33' title="bbox 0 0 2004 5417; baseline 0 3"><span class='ocrx_word' id='word_1_207' title='bbox 0 0 2004 5417; x_wconf 95' lang='lat' dir='ltr'> </span> 
     </span>
    </p>
   </div>
  </div>
 </body>
</html>
