4000 5417
530 482 579 563 qa
899 452 1084 556 canan.
1108 450 1413 531 accusaris

527 616 1084 653 W

615 762 654 844 ic
674 762 804 846 etiam
826 754 1125 845 liberalissimus
1149 780 1231 841 rex
1246 750 1386 841 fando
1413 748 1602 840 Nazario
1621 755 1800 844 tradidit

641 872 817 975 Brumae,
832 898 930 981 cum
936 871 1052 975 omni
1056 868 1148 980 jure
1158 866 1203 956 dr
1213 864 1287 957 tali
1295 862 1559 955 confirmavit
1566 866 1802 985 privilegio.

599 1221 602 1229 ’
660 1316 663 1323 ,
764 1210 962 1328 Largiris>
984 1082 1281 1323 Araolfingt's
1308 1207 1352 1298 iu
1379 1202 1569 1305 Br'umut.

526 1393 579 1523 ln
593 1378 883 1475 nomineosandae
898 1377 937 1456 a
950 1376 1153 1455 individuae
1178 1376 1381 1454 Trinitatis.
1433 1376 1657 1455 Arionis
1673 1376 1802 1455 divina

580 1484 729 1561 favente
745 1482 871 1578 -gratia
884 1503 960 1556 rex.
984 1536 986 1547 .
1011 1480 1054 1558 Si
1067 1481 1150 1555 loca
1162 1479 1288 1556 divino
1313 1478 1432 1556 cultui
1454 1480 1665 1578 mancipata
1677 1479 1801 1561 nostro

524 1580 719 1682 juvamine
735 1585 927 1671 levamus,
955 1580 993 1659 &
1008 1583 1055 1657 de
1070 1580 1226 1657 terrenis
1239 1580 1356 1658 causis
1370 1633 1381 1671 ,
1407 1604 1503 1678 quas
1518 1582 1597 1656 Deo
1611 1594 1798 1657 annuente

530 1685 715 1763 consecuti
730 1682 871 1771 sumus,
897 1704 1032 1779 augere
1049 1683 1268 1781 satagimus,
1292 1708 1368 1759 non
1383 1681 1500 1758 solum
1514 1683 1553 1759 in
1565 1683 1637 1758 hoc
1653 1683 1799 1778 regium

529 1808 674 1866 morem
707 1786 883 1861 decenter
897 1785 1096 1883 implemus
1110 1828 1131 1873 ,·-
1146 1806 1278 1861 verum
1295 1786 1410 1861 etiam
1434 1783 1538 1861 &ad
1554 1786 1800 1883 temporalem

528 1889 648 1967 vitam
662 1888 816 1965 feliciter
840 1886 1112 1974 deducendam,
1138 1884 1177 1962 dt
1191 1889 1239 1963 ad
1253 1900 1432 1965 aeternam
1443 1886 1801 1985 beatitudinempr'o-
1829 1885 1835 1896 '

528 1990 831 2069 merendamhoc
845 1988 951 2067 nobis
977 1988 1211 2087 profuturum
1225 1986 1295 2063 elle
1309 1988 1449 2085 liquido
1473 1987 1669 2062 credimus.
1694 1990 1796 2076 Qua·
1906 2028 1914 2034 ·

527 2106 675 2193 propter
690 2092 858 2170 omnium
871 2090 1000 2166 santiae
1026 2088 1095 2165 Dei
1111 2087 1273 2166 ecclefiae
1286 2089 1471 2176 fidelium,
1486 2088 1718 2189 praesentium
1732 2090 1799 2164 fci-

271 2244 279 2259 ·
384 2252 392 2269 ,
528 2193 620 2269 licet
639 2192 678 2268 dt
691 2192 912 2280 futuroium,
928 2190 1126 2286 cognoscat
1145 2189 1365 2290 pmdentia,
1391 2192 1550 2287 qualiter
1562 2214 1630 2265 nos
1673 2214 1716 2265 ro
1740 2214 1799 2266 re·

529 2294 655 2369 medio
668 2294 804 2369 animae
829 2292 927 2369 beati
942 2292 1004 2367 avi
1024 2290 1135 2366 nostri
1160 2292 1354 2368 Ludowici
1367 2290 1406 2369 dt
1432 2290 1620 2370 Christiani
1647 2292 1712 2365 imi
1727 2314 1798 2387 ge·

528 2394 658 2471 nitoris
673 2392 779 2467 nostri
805 2393 1068 2471 Carolomanni
1079 2410 1093 2483 ,
1116 2392 1349 2490 fratrumque
1375 2391 1548 2481 suorum,
1573 2416 1640 2468 nec
1653 2415 1727 2468 non
1752 2392 1796 2469 dt

526 2517 594 2596 pro
607 2493 728 2569 nostra
742 2494 1188 2573 aeternaremuneratione
1213 2496 1400 2593 quendam
1415 2495 1544 2571 fiscum
1557 2494 1692 2595 proprii
1700 2492 1796 2591 juris

527 2593 891 2676 nostri'nominatum-
909 2594 1159 2692 Brurhmogar,
1175 2598 1215 2674 in
1239 2595 1405 2696 Elisariu,
1421 2598 1469 2673 ad
1482 2594 1645 2672 fandum
1670 2596 1793 2672 Naza-

526 2696 646 2785 rium,
672 2697 737 2793 qui
751 2696 939 2794 requiescit
952 2698 992 2773 in
1016 2696 1233 2773 monasterio
1247 2714 1461 2796 nuncupato
1484 2698 1710 2785 Lauraiam,
1726 2695 1794 2775 sito

525 2797 634 2898 super
646 2798 802 2875 fluvium
824 2798 996 2895 Wugoz,
1020 2823 1088 2898 per
1098 2800 1170 2874 hoc
1184 2800 1314 2876 nostiae
1329 2798 1557 2876 austoritatis
1571 2811 1796 2899 praeceptum

525 2899 710 2975 tradimus
742 2914 852 2997 atque
878 2901 1086 2990 donamus,
1119 2924 1207 2979 cum
1231 2900 1393 2977 ecclesiis
1414 2899 1454 2979 dt
1478 2901 1673 2991 aedificiis,
1705 2924 1793 2978 cum

450 3086 454 3097 ,
523 3000 711 3081 mansis&
735 3002 927 3102 mancipiis
947 3004 1121 3081 omnibus
1145 3004 1338 3101 utriusque
1360 3003 1606 3091 sexus,·cum
1622 3002 1729 3079 terris
1753 3002 1796 3079 dt

522 3102 643 3199 agriS,
670 3104 811 3202 campis
827 3104 937 3179 cultis
950 3104 991 3204 dt
1003 3104 1179 3193 incultis,
1196 3108 1329 3204 pratis,
1346 3104 1504 3205 pascuis,
1528 3103 1654 3199 sylvis,
1668 3104 1794 3199 aquis,

520 3212 748 3300 aquarumve
771 3202 1005 3294 decursibus,
1031 3206 1276 3294 molendinis,
1302 3206 1581 3306 piscationibus,
1607 3204 1669 3280 vel
1694 3200 1786 3279 cuin

519 3306 639 3382 vineis
654 3308 850 3397 omnibus,
876 3306 1000 3383 viis&
1017 3307 1152 3395 inviis,
1177 3304 1341 3385 exitibus
1358 3307 1397 3387 dt
1421 3304 1640 3405 regressibus,
1664 3305 1790 3381 mobi-

522 3406 625 3484 libus
640 3411 701 3484 vel
726 3407 995 3497 immobilibus,
1022 3407 1183 3506 quaesitis
1196 3412 1256 3487 vel
1276 3410 1522 3507 inquirendis,
1547 3407 1586 3486 dt
1605 3430 1691 3484 cum
1705 3427 1788 3481 om·
1818 3478 1823 3483 ,

519 3506 738 3605 nibusjuste
755 3534 798 3585 ac
813 3511 984 3605 legitime
1003 3512 1056 3585 ad·
1070 3510 1183 3610 ipsam
1205 3512 1399 3611 praefatam
1420 3526 1565 3588 curtem
1588 3508 1811 3609 aspicienti--

519 3610 682 3699 bum-ea
702 3610 875 3695 videlicet
900 3612 1041 3687 ratione
1056 3628 1137 3702 ,ut
1161 3614 1236 3713 ipsa
1259 3611 1530 3702 Ronmanis,
1556 3612 1686 3687 dilesta
1701 3633 1791 3687 con·

377 3738 382 3745 ·
456 3762 460 3779 ·
521 3711 727 3816 sanguinea
737 3712 858 3791 nostra
871 3763 892 3801 ,·
907 3736 952 3791 ea
966 3714 1116 3803 omnia,
1142 3714 1324 3813 quamdiu
1337 3715 1458 3803 vivat,
1483 3714 1658 3791 securiter
1673 3712 1713 3788 in
1726 3712 1792 3787 be-
1867 3768 1872 3773 -

396 3834 398 3839 ·
435 3816 465 3903 ,J
504 3814 696 3895 'aeficium
721 3816 858 3892 habeat
871 3828 1020 3914 ,atque
1035 3816 1232 3915 possideat,
1256 3815 1334 3917 post
1351 3817 1458 3892 fuum
1477 3836 1569 3893 vero
1601 3812 1790 3890 discessum

522 3916 571 3989 ad
586 3916 832 3995 memoratum
849 3939 950 3992 -mox-
962 3931 1110 3996 remeet¹
1123 3919 1361 4007 coenobium,
1386 3917 1562 4017 quatinus
1588 3917 1689 3993 illius
1710 3914 1792 3991 sans

519 4014 570 4093 iti
583 4018 802 4136 locisratres
825 4040 892 4121 pro
908 4017 1014 4098 nobis
1023 4015 1187 4119 jugiter,
1211 4019 1251 4099 &
1265 4019 1548 4100 antecessoribus
1566 4017 1700 4135 'nostris
1720 4039 1791 4090 ex·
1810 4013 1836 4137 ᾖ

501 4144 505 4151 ,
1163 4160 1169 4168 .
1590 4160 1595 4171 »
1632 4138 1732 4195 orare
