4000 5417
220 760 338 837 etiam
359 754 495 833 inserat
514 751 624 852 ipsrus
644 745 852 825 monasterii
878 742 1123 822 sacratissimis
1143 741 1318 825 fratribus
1340 753 1420 826 auri
1444 754 1503 829 li·‘

198 863 328 939 ‘bram
345 855 374 953 j,
392 855 534 953 argenti
555 852 717 951 pondera
733 846 783 945 jj,
806 847 845 926 dr
860 848 952 938 hoc,
977 849 1077 945 quod
1091 848 1250 948 repetit,
1275 853 1492 931 evendicare

221 987 297 1039 non
320 960 476 1045 valeat,
499 953 559 1030 sed
579 952 660 1032 haec
686 952 831 1053 presens
853 950 1005 1027 donatio
1025 948 1133 1025 firma
1156 950 1195 1029 δι
1227 948 1366 1032 stabilis
1386 956 1511 1051 omni¹

219 1076 387 1161 tempore
401 1070 634 1159 permaneat,
659 1053 891 1155 stipulatione
903 1052 1069 1128 subnixa.
1100 1052 1240 1129 Aenon
1253 1053 1293 1131 in
1317 1054 1490 1132 hindana

219 1168 359 1265 castro,
391 1182 518 1237 coram
544 1154 716 1245 testibus,
739 1156 793 1231 XI
820 1154 999 1232 kalendas
1025 1152 1194 1251 Augusti.
1246 1155 1406 1254 Signum
1431 1159 1493 1236 Si·
1526 1182 1581 1238 22.
1599 1163 1674 1244 Jnl.

220 1264 378 1362 gervini,
404 1263 468 1361 qui
485 1261 556 1338 hoc
571 1259 829 1337 testamentum
841 1254 920 1330 sieri
933 1254 972 1331 dr
997 1255 1136 1333 firmari
1152 1260 1318 1355 rogavit,
1344 1259 1489 1357 signum
1516 1298 1519 1304 ·

218 1366 395 1449 Wnrrrrm
423 1384 591 1440 commis
604 1414 617 1452 ‚
643 1356 848 1445 Waldolii,
872 1355 1074 1446 Asericho,
1101 1357 1278 1456 Agrim0‚
1305 1360 1504 1455 Rutilau,'

218 1468 424 1565 waningo,
443 1466 663 1563 Nandingo‚
678 1458 896 1548 Hariber'to,
908 1458 1106 1539 Harirado.
1131 1462 1489 1568 Donadeusscripsrt.

668 1642 690 1711 ³
714 1604 1025 1759 cmxxxii

148 1804 155 1813 “
245 1795 427 1893 Duratio
459 1792 526 1891 W
521 1795 704 1888 accionis
717 1796 770 1895 ds
797 1793 989 1907 norogrss
1018 1792 1064 1885 in
1092 1793 1223 1883 raderi
1246 1792 1340 1885 villa
1356 1822 1460 1887 anno

393 1912 547 2029 XIIII
554 1910 727 2028 Pippini
741 1906 874 2021 regis,
891 1908 1146 1998 Gundrlnndo
1163 1910 1314 1998 abbate.

216 2086 318 2219 Nos
333 2078 501 2161 Waecho
513 2076 553 2155 δι
578 2077 762 2176 Radogis,
789 2097 858 2151 nec
872 2098 947 2151 non
960 2072 1000 2151 δι
1015 2074 1157 2151 Guntso
1171 2096 1241 2175 pro
1254 2076 1323 2152 Dei
1338 2076 1490 2171 intuitu,

302 2180 361 2256 vel
375 2202 443 2279 pro
456 2181 592 2257 animae
613 2180 742 2256 nostrae
764 2175 945 2265 remedio,
970 2174 1033 2251 seu
1046 2174 1085 2251 dr
1099 2200 1165 2274 pro
1177 2180 1489 2256 aeternaretribu·

215 2278 343 2370 tione,
369 2294 413 2356 ut
427 2281 574 2359 veniam
587 2280 804 2357 nerinorum
818 2275 1024 2351 nostrorum
1035 2276 1207 2375 possimus
1222 2278 1404 2376 consequi,
1419 2301 1489 2378 per
1584 2360 1588 2369 ,

213 2376 1087 2459 hanckartuandonationissrvotestamentum
1100 2379 1378 2455 donamnsadie
1391 2403 1489 2480 prae·

212 2481 313 2558 sente
329 2483 377 2559 ad
391 2482 556 2559 santium
569 2498 776 2579 martyrem
802 2478 935 2555 Christi
958 2478 1187 2566 Nazarium,
1213 2480 1279 2576 qui
1293 2479 1497 2579 requiescit¹

211 2582 415 2684 incorpore
431 2585 578 2685 inpage
593 2581 793 2661 Rinensrin
808 2580 889 2655 loco
903 2630 919 2670 ,
942 2580 1005 2679 qui
1017 2580 1225 2680 appellatur
1239 2582 1488 2672 Lauresham,

210 2684 316 2783 super
335 2684 492 2763 fluvium
517 2686 672 2769 Wisscoz
696 2684 782 2772 fite,
807 2681 878 2759 hoe
892 2682 960 2771 est,
976 2703 1057 2757 rem
1071 2680 1232 2758 nostram
1245 2683 1286 2759 in
1305 2708 1400 2784 pago
1415 2685 1486 2759 Ln-

213 2784 415 2883 bodoainso,
441 2786 482 2859 in
503 2786 817 2886 Haaescuriarhrr'm
838 2784 988 2862 vineam
1009 2782 1190 2873 nostram,
1215 2806 1301 2881 quae
1314 2796 1416 2862 tenet
1429 2786 1486 2863 di·
1519 2830 1524 2839 ·

213 2882 521 2977 midiumjumal.
550 2885 732 2972 deterra,
758 2885 807 2957 de
821 2883 927 2978 cujas
947 2908 1023 2961 uno
1037 2886 1153 2961 latere
1166 2900 1269 2961 senet
1291 2888 1484 2983 Wigram,

212 2982 263 3059 de
276 2978 350 3057 alio
375 2978 599 3077 Angisrada,
626 3006 651 3057 a
665 2984 722 3055 die
747 2982 920 3080 praesente
934 2984 980 3057 de
1003 2981 1086 3077 jure
1100 2986 1218 3061 nostro
1232 2984 1349 3082 injus
1363 2987 1402 3064 dr
1417 2988 1485 3069 do-

210 3083 456 3187 minationem
476 3080 587 3157 sanni
610 3080 758 3157 Nazarii
773 3083 955 3159 tradimus
970 3098 1081 3182 atque
1097 3086 1387 3165 transfundimus
1401 3112 1487 3190 per·
1634 3130 1645 3148 ·

211 3184 409 3287 munster
422 3184 471 3260 ad
496 3182 765 3283 possidendum,
786 3184 841 3259 ita
853 3197 897 3261 ut
915 3188 965 3263 ab
979 3185 1052 3262 hac
1064 3188 1128 3263 die
1138 3188 1310 3266 habeatis
1317 3189 1401 3287 jure
1415 3191 1487 3268 ha·
1635 3215 1638 3224 ’

211 3286 343 3375 nendi,
369 3286 540 3375 tenendi,
564 3284 744 3373 donandi,
770 3288 1047 3375 commutandi,
1071 3292 1132 3366 rel
1149 3292 1328 3389 quidquid
1349 3292 1487 3367 exinde

212 3388 334 3466 sacere
349 3386 749 3507 volueritis,·libe·ranr
772 3410 815 3463 ac
839 3386 1080 3464 firmissimam
1094 3392 1135 3467 in
1157 3392 1330 3469 omnibus
1344 3392 1486 3489 habea·

215 3512 517 3665 a
532 3488 1486 3695 srnmrsnnan
1784 3646 1791 3655 ,
1957 3638 1962 3647 ,

141 3712 164 3743 ·’
211 3688 392 3765 kalendas
417 3688 586 3785 Augusti.
620 3692 778 3787 Signum
793 3688 1037 3774 Wacchonis,
1059 3691 1123 3784 qui
1137 3691 1235 3765 hane
1249 3690 1487 3771 donationem
1517 3663 1574 3732 ‘3'
1589 3647 1657 3724 Μ’

212 3786 333 3879 serit,
353 3787 500 3888 signnm
521 3791 706 3884 Bemoin,.
729 3789 891 3872 Graoine
903 3844 917 3883 ,
942 3788 1127 3882 Baldoin,
1149 3791 1369 3869 Leuthardi.

1100 4080 1426 4181 CCLXXXHI.
