4000 5417
549 406 626 499 42⁶
1031 393 1387 473 hanmone

551 699 654 781 baldi
667 700 850 775 donamus
865 697 913 773 ad
929 696 1094 775 faunum
1118 696 1251 777 curiffi
1270 710 1480 797 martyrem
1503 699 1733 790 nazarium,
1757 702 1819 798 qui

551 802 741 901 requiescit
754 802 792 875 in
806 822 955 901 corpore
971 801 1010 878 in
1024 824 1120 901 pago
1145 800 1312 889 Rinensr‚
1326 802 1367 877 in
1380 801 1618 893 monasterio,
1642 803 1743 900 quud
1758 828 1820 879 vo-

552 919 660 981 catur
684 903 916 979 Laureolum
946 900 1052 1003 super
1077 902 1235 980 fluvium
1259 901 1445 994 Wiffeoz‚
1472 906 1536 982 ubi
1561 905 1618 981 vir
1649 906 1819 982 venerab.

551 1004 854 1085 Richbodoabba
877 1004 1022 1102 praeeffe
1044 1005 1214 1093 videtur,
1238 1005 1278 1080 in
1303 1004 1526 1104 Hurrnuauj
1553 1007 1747 1103 birangum
1772 1009 1821 1083 ad

465 1198 475 1211 ⁸
552 1106 701 1186 vineam
723 1105 947 1193 faciendum,
972 1128 1021 1181 ex
1042 1106 1171 1203 aliqua
1191 1120 1295 1207 parte
1319 1109 1555 1207 plantutum,
1581 1123 1625 1185 ut
1648 1109 1821 1209 deinceps

551 1208 731 1309 adipsum
755 1208 879 1283 locum
905 1206 1072 1307 proficiat
1086 1208 1126 1283 in
1147 1210 1382 1305 augmentis,
1406 1210 1446 1285 sti
1473 1210 1636 1287 ulatione
1650 1210 1820 1288 subnixa.

364 1340 417 1411 ιε,
432 1326 517 1413 Aug.
551 1310 689 1403 Afrum
704 1310 742 1385 in
760 1306 978 1385 monasterio
1003 1309 1219 1384 buretrum
1232 1310 1304 1389 XV
1319 1312 1382 1387 kal
1520 1314 1709 1412 Septemb.
1735 1312 1821 1409 Sig-

547 1436 639 1490 num
665 1410 872 1488 Hildibaldi
894 1409 933 1487 &
959 1411 1203 1502 Helmbaldi,
1228 1413 1403 1510 quihanc
1424 1414 1663 1493 donationem
1676 1413 1755 1492 fieri
1779 1412 1820 1493 &

545 1514 685 1591 firmari
700 1525 936 1609 rogaverunt.
986 1512 1070 1609 Ego
1084 1512 1331 1609 Reginberrus
1346 1512 1479 1616 scripfi·

1052 1712 1320 1808 OCCXCIV.

545 1841 724 1935 Duratio
745 1838 1006 1954 Rumpertr'r'n
1023 1843 1154 1929 eudem
1171 1840 1392 1958 villafaffu
1411 1872 1515 1933 nunu
1531 1846 1701 1940 XXVI
1702 1844 1819 1961 regni

720 1952 868 2041 domini
883 1954 1007 2065 nostri
1020 1956 1169 2045 Kuroli
1185 2018 1199 2059 ‚
1226 1955 1480 2053 Richbodoue
1494 1960 1645 2047 abbate.

545 2130 645 2263 Nos
660 2142 805 2219 quoque
827 2120 1052 2221 Rampertus
1078 2122 1253 2203 videlicet
1283 2122 1323 2203 &
1344 2147 1544 2222 gennanue
1565 2148 1671 2201 meus
1695 2120 1815 2205 wolf·
1951 2083 1953 2186 Ῑ

627 2222 725 2299 hoch
741 2245 805 2323 pro
820 2222 982 2298 remedio
1008 2224 1220 2303 animarum
1241 2226 1444 2304 noſtramm
1465 2227 1645 2301 donamus
1659 2224 1708 2298 ad
1731 2224 1816 2299 san·
1952 2203 1954 2292 J

468 2362 477 2369 ·
547 2324 645 2401 stum
661 2324 730 2399 Dei
747 2336 952 2421 martyrem
968 2324 1015 2403 N.
1045 2324 1088 2403 ὅ
1100 2340 1210 2403 cetera
1224 2331 1336 2401 omnia
1351 2324 1514 2424 ursrrpra
1527 2346 1646 2419 usque:
1669 2325 1709 2397 in
1733 2324 1806 2397 Lo-
1953 2323 1954 2356 ¹

548 2424 743 2503 bodoninse
758 2428 796 2503 in
820 2424 1045 2523 Hitunbachj
1061 2428 1207 2505 vineam
1224 2429 1261 2504 &
1275 2426 1435 2502 nostrum
1451 2422 1650 2524 proprisum
1667 2420 1810 2499 adeam

443 2630 504 2709 n
547 2526 1453 2730 fflnffimuffipgpffmffinffiaffifi,
1477 2522 1816 2723 ffie'ffffiffl

371 2636 427 2723 b
544 2686 648 2811 berti
657 2730 696 2811 δι
711 2730 928 2820 wolfhohi,
954 2731 1017 2831 qui
1033 2731 1127 2809 hanc
1142 2729 1378 2807 donatiouem
1393 2681 1475 2805 fier'i
1487 2728 1528 2811 δι,
1550 2726 1695 2803 firmari
1708 2747 1815 2824 roga·

548 2846 691 2927 verunt,
706 2832 850 2933 srgnum
858 2832 1058 2923 Danzonis,
1074 2832 1296 2913 Erkaufridi.
1323 2832 1409 2931 Ego
1422 2830 1674 2930 Reginbertus
1687 2825 1814 2929 scripfi.

1107 3030 1357 3126 CCCXCV.

544 3160 725 3257 unam
745 3164 975 3257 marmus
1001 3164 1045 3254 u
1068 3166 1199 3255 caua
1224 3165 1340 3266 uua,
1365 3178 1470 3252 ann
1492 3137 1727 3253 XX‘XVJJ
1746 3155 1816 3245 uu

673 3276 772 3364 mini
792 3279 914 3389 nostri
935 3280 1087 3395 Kurulr'
1102 3280 1234 3391 regis,
1263 3274 1515 3372 Richbodone
1531 3275 1679 3411 abbate.

546 3454 647 3587 Ego
669 3444 708 3521 in
734 3444 802 3522 Dei
817 3444 966 3522 nornine
991 3445 1201 3523 Gozdrudis
1226 3467 1294 3544 pro
1315 3443 1480 3521 remedio
1505 3439 1640 3519 auimae
1653 3448 1748 3514 mere
1772 3432 1816 3513 &

625 3546 691 3625 filii
706 3548 780 3625 mei
804 3546 1005 3625 Humbern'
1018 3547 1116 3623 dono
1132 3546 1180 3623 ad
1192 3544 1354 3644 faustum
1378 3542 1448 3621 Dei
1461 3556 1665 3640 martyrem
1677 3538 1726 3615 N.
1749 3558 1816 3635 qur

548 3650 741 3746 requiescit
754 3651 793 3726 in
807 3673 955 3749 corpore
969 3649 1008 3725 in
1023 3670 1119 3749 pago
1135 3646 1299 3735 Rinenfi,
1324 3646 1363 3723 in
1385 3644 1624 3731 monasterio,
1635 3635 1736 3740 quod
1748 3662 1815 3757 vu·

546 3764 654 3827 catur
677 3752 931 3843 Lauresham,
957 3752 1022 3831 ubi
1036 3752 1206 3828 venerab.
1234 3746 1457 3844 Adalungus
1477 3740 1733 3845 ubbapraeeffe
1757 3762 1814 3817 vr·

545 3852 679 3943 detur,
705 3852 879 3952 vineamj
895 3854 934 3931 in
958 3853 1180 3942 Humanam,
1205 3851 1266 3928 cui
1281 3847 1426 3947 adjacet
1437 3872 1485 3926 ex
1507 3849 1611 3926 omni
1624 3860 1729 3947 parte
1752 3862 1815 3919 res

458 3954 465 3961 '
535 3952 656 4037 smffi
672 3955 719 4036 N.
736 3957 997 4059 perpetualiter
1018 3955 1067 4034 ad
1086 3953 1362 4059 poffiueudum.
1388 3950 1618 4057 {ripuariam
1618 3945 1813 4132 Affla.
