4000 5417
535 756 787 845 donatumque
813 742 853 819 in
877 754 1096 845 perpetuum
1121 743 1191 822 elie
1216 750 1303 825 volo
1322 746 1364 826 ὰ
1388 750 1651 853 promptiflima
1674 752 1808 839 uolun-

537 850 834 936 tatenonfirmo,
859 847 931 923 hoc
955 846 1027 935 est,
1053 868 1133 924 rem
1157 870 1283 927 meam
1297 852 1456 951 inpage
1480 852 1726 959 Lobndouenfij
1751 855 1809 931 vi·

536 980 647 1037 neum
673 953 814 1069 inloco
839 944 1047 1065 Doffmieim
1077 967 1314 1051 nuncupato,
1341 976 1365 1029 a
1388 956 1450 1031 die
1468 956 1645 1057 praesente
1657 963 1703 1031 de
1722 953 1807 1051 jure

424 1160 427 1167 Ι
537 1084 622 1141 meo
637 1058 676 1133 in
687 1076 749 1170 Jus
765 1050 802 1128 &
819 1051 1110 1126 dominatlonem
1130 1052 1239 1171 santii
1255 1056 1302 1132 N.
1317 1058 1425 1133 trado
1447 1071 1562 1157 utque
1586 1058 1808 1135 transfundo

504 1348 508 1357 ,
535 1158 795 1343 tinnit
805 1152 1809 1360 idn-iiiiii?’ciniiihii‘iiiiiiiiit

536 1369 657 1447 facere
673 1355 863 1437 volueritis
879 1408 889 1443 ,
916 1354 1072 1445 liberam
1086 1378 1130 1432 ac
1155 1339 1395 1439 firmissimam
1410 1364 1450 1440 in
1463 1365 1637 1440 omnibus
1650 1362 1807 1464 potestn-

537 1482 625 1549 tem.
653 1464 693 1540 Si
707 1460 790 1559 quis
809 1478 918 1544 vero,
942 1457 1045 1553 quod
1068 1456 1236 1536 {uturum
1261 1455 1331 1541 eise
1344 1464 1497 1541 minime
1512 1467 1642 1555 credo,
1668 1463 1809 1562 siquis,

539 1594 609 1668 ego
623 1564 697 1666 ipse
696 1618 717 1655 ,,
744 1572 809 1637 aut
823 1560 924 1634 ullus
947 1558 994 1633 de
1014 1559 1213 1638 heredibus
1237 1566 1297 1641 vel
1319 1566 1583 1665 proheredibus
1607 1568 1718 1655 meis,
1743 1566 1807 1641 seu

540 1670 714 1771 quaelibet
727 1664 806 1739 ulla
821 1658 981 1760 opposita
1007 1662 1174 1758 persona,
1201 1687 1289 1763 quae
1300 1674 1435 1745 'eontra
1450 1668 1556 1745 hane
1572 1669 1809 1745 donationum

541 1796 639 1853 ame
662 1768 795 1845 instem
821 1762 944 1837 venire
967 1766 1227 1862 temptaverit,
1252 1782 1321 1845 aut
1334 1794 1421 1847 eam
1443 1772 1639 1870 infringere
1663 1772 1726 1847 vel
1736 1770 1825 1844 im-·

376 1954 388 1977 ,
540 1887 701 1953 muttare
715 1863 893 1951 voluerit,
918 1863 1053 1939 inferat
1073 1890 1248 1947 unacum
1270 1870 1480 1956 sanitiffimo
1494 1872 1579 1949 fiseo
1593 1873 1675 1948 nuri
1697 1872 1810 1947 dena-

540 1980 614 2055 'rios
632 2000 670 2062 x,
686 1968 825 2065 argenti
843 1966 984 2067 pondus
993 1963 1008 2060 j
1025 1970 1147 2045 multa
1160 1957 1348 2063 sustineat}
1364 1975 1403 2051 &
1423 1977 1523 2073 quod
1538 1976 1685 2075 repetit,
1698 1996 1809 2049 even·

542 2080 665 2155 'dicare
690 2096 764 2149 non
789 2068 936 2154 valeat,
970 2068 1030 2143 sed
1052 2072 1213 2171 praesens
1243 2075 1311 2152 ista
1335 2076 1486 2153 donatio
1516 2078 1618 2153 omni
1643 2091 1811 2173 tempore

541 2182 649 2257 firma
675 2174 712 2251 δι
738 2170 874 2249 stabilis
900 2185 1115 2267 permanent
1139 2172 1371 2273 stipulatione
1395 2179 1558 2253 subnixu.
1609 2176 1746 2252 Atium
1768 2175 1811 2251 in

493 2330 503 2351 .
541 2284 622 2360 loco
648 2276 795 2381 pubiicn
807 2327 816 2361 ,
843 2271 903 2367 qui
931 2286 1085 2347 vocatur
1109 2274 1349 2366 lauresham,
1383 2280 1470 2356 vfll
1501 2277 1677 2351 kalendas
1700 2275 1804 2372 Julii.

541 2386 698 2481 Signum
724 2372 989 2460 Berthdmdis,
1016 2398 1101 2471 quae
1125 2374 1224 2453 hanc
1247 2379 1478 2455 donationem
1498 2376 1574 2452 fieri
1595 2374 1634 2451 δι
1658 2373 1801 2447 firmari
1833 2412 1838 2434 ·

412 2552 415 2563 .
540 2484 696 2583 rogavit.
750 2480 832 2574 Ego
848 2474 1230 2579 -Hurilandusscripst

957 2626 989 2745 .'
1040 2678 1339 2772 cccxcum.

404 2807 406 2816 ⁴
522 2782 719 2910 'Donatio
751 2803 997 2919 Theotiardi
1012 2805 1054 2893 in
1078 2805 1205 2893 eadem
1234 2809 1327 2897 villa
1346 2832 1449 2895 anno
1480 2783 1552 2899 VI
1582 2803 1730 2895 domini
1744 2808 1810 2894 m·

730 2922 812 3036 stri
825 2917 973 3014 Karoli
1000 2918 1140 3032 regis,
1169 2919 1423 3010 Gundelnndo
1441 2921 1596 3007 abbate.

539 3109 590 3235 In
605 3090 737 3171 Christi
752 3089 900 3174 nomine
915 3110 984 3183 ego
1011 3084 1217 3169 Dithardus
1231 3108 1297 3187 pro
1312 3086 1475 3163 remedio
1490 3087 1624 3181 animae
1638 3106 1731 3161 meae
1744 3082 1810 3158 seu

592 3216 657 3295 pro
673 3206 810 3269 aeterna
838 3188 1073 3265 retributione
1098 3190 1274 3285 perhanc
1300 3187 1485 3265 ‘cartulam
1508 3186 1711 3264 donationis
1732 3182 1809 3260 five

542 3296 799 3377 testamentum
823 3292 918 3365 dono
934 3292 983 3365 ad
1006 3288 1280 3366 sacratiffimum
1306 3292 1375 3367 Dei
1392 3304 1591 3387 martyrem
1611 3288 1656 3365 N.
1671 3286 1734 3384 qui
1750 3308 1810 3360 re·

541 3397 690 3501 quiescit
705 3396 741 3471 in
766 3414 914 3492 corpore
936 3392 974 3466 in
987 3412 1084 3491 pago
1109 3390 1283 3480 Rinensu,
1308 3393 1347 3467 in
1362 3392 1604 3478 monasterio,
1628 3388 1723 3487 quod
1737 3410 1808 3462 vo-

542 3516 649 3582 catur
662 3496 909 3584 l..nuresham',
936 3494 1000 3568 ubi
1017 3493 1075 3567 vir
1089 3494 1590 3573 venerabilisGundelandus
1603 3491 1809 3589 abbaprae·

529 3605 609 3681 'effe
624 3603 791 3687 videtur,
822 3600 1078 3691 donatumque
1092 3594 1130 3668 in
1157 3610 1373 3694 perpetuum
1396 3596 1465 3671 effe
1480 3597 1587 3683 volo,
1614 3588 1808 3684 mansum]

302 3762 305 3769 -
435 3782 442 3788 .
529 3708 577 3784 in
604 3702 906 3805 Doffenieimcum
926 3692 1098 3792 xfjurnat.
1115 3710 1222 3771 terme
1246 3698 1437 3785 matutine,
1464 3696 1503 3774 δι
1518 3695 1700 3793 quidquid
1714 3691 1809 3767 mihi

539 3810 681 3907 genitor
695 3828 800 3879 meus
814 3800 1029 3894 dereliquit,
1056 3814 1136 3872 tam
1162 3798 1323 3897 campis,
1349 3800 1484 3897 pratu,
1510 3798 1628 3885 silvis,
1654 3794 1807 3894 pascuis,

274 3898 322 3931 '⁸
449 3994 453 3999 ,
536 3924 691 4008 excepta
701 3904 715 4001 j
742 3904 870 3992 vinea,
897 3901 1039 3995 reliqua
1053 3898 1179 3975 omnia
1192 3902 1237 3975 de
1247 3898 1332 3996 jure
1344 3918 1429 3976 meo
1442 3900 1482 3975 in
1502 3896 1803 3995 J'us&domina·

536 4014 675 4088 tionem
700 4004 807 4083 santii
839 4002 989 4084 Nazarii
1021 4001 1127 4077 trado
1154 4014 1265 4102 atque
1304 4002 1523 4086 transmundo
1546 3998 1808 4174 perpetualtiltet
