4000 5417
515 463 585 536 172
836 419 838 426 ’
915 427 1103 508 Canon.
1130 451 1190 504 er
1217 425 1431 526 Capuam

509 575 1039 623 w*-
1491 625 1495 634 .
1602 596 1787 616 ῃ

510 649 1246 676 *μα-*Ἥ
1485 634 1489 642 .

510 743 684 820 mendam
700 739 854 816 familiae
868 734 997 812 nostrae
1014 737 1288 824 temeritatem,
1315 757 1509 834 perquam
1536 735 1628 814 servi
1641 739 1681 814 in
1694 763 1785 816 con·

505 847 634 922 servos
651 865 769 939 usque
783 841 830 916 ad
857 863 941 915 mea
954 853 1122 939 tempora
1135 853 1267 914 mutua
1281 839 1383 914 caede
1397 838 1677 934 eonsngebant,
1691 865 1782 917 cum

513 946 659 1022 consilio
675 946 937 1020 advocatorum
952 964 1120 1017 meorum
1145 938 1184 1017 δι
1199 942 1361 1015 militum
1374 939 1467 1016 istud
1489 941 1679 1018 decretum
1698 943 1783 1018 fieri

511 1049 617 1126 statui
633 1081 654 1136 ,·
670 1045 708 1122 δι
723 1059 765 1121 ut
785 1047 832 1121 ad
847 1042 1006 1143 posteros
1024 1044 1249 1142 perveniret,
1274 1041 1427 1116 scribere
1437 1040 1528 1137 juffi.
1578 1043 1620 1118 Si
1634 1044 1716 1142 quis
1730 1069 1782 1120 ex

513 1149 656 1227 familia
680 1146 788 1222 sanfli
815 1144 963 1221 Nazarii
984 1159 1128 1220 curtem
1153 1143 1315 1220 conservi
1341 1142 1393 1218 sui
1414 1143 1506 1218 ausu
1530 1147 1782 1224 temerario&

514 1265 659 1328 armata
673 1274 787 1324 manu
811 1246 859 1321 ad
880 1245 1123 1322 occidendum
1143 1268 1231 1322 eum
1257 1243 1472 1340 infregerit,
1496 1247 1557 1320 vel
1579 1247 1618 1319 in
1639 1249 1702 1324 via
1715 1251 1779 1325 ob·

512 1355 618 1429 vium
645 1375 732 1428 eum
747 1347 887 1426 habens
913 1349 1210 1448 impugnaverit,
1237 1345 1301 1450 seq
1318 1345 1406 1434 ille,
1432 1347 1498 1443 qui
1523 1347 1780 1448 impugnatur,

514 1447 710 1530 occumbat
726 1451 787 1527 seu
801 1449 953 1542 evadat,
979 1449 1105 1526 aanor
1116 1449 1200 1526 fasti
1216 1463 1300 1526 cute
1314 1446 1352 1525 dr
1379 1449 1522 1547 capillis
1546 1453 1725 1547 privetur,
1741 1452 1782 1529 δε

514 1557 658 1656 insuper
670 1553 841 1630 candenti
857 1551 954 1626 ferro
979 1553 1020 1627 in
1036 1565 1194 1649 utraque
1207 1551 1363 1626 maxilla
1377 1551 1637 1646 comburatur3
1654 1553 1781 1648 sequa·

504 1659 620 1734 cibus
645 1655 725 1752 ejus
750 1656 849 1730 idem
872 1653 946 1734 fiat.
999 1654 1040 1730 Si
1057 1674 1144 1729 vero
1159 1655 1387 1741 advocatus,
1412 1667 1476 1728 aut
1498 1655 1615 1751 pretio
1641 1655 1781 1730 condu-

515 1761 621 1848 flus,
647 1773 713 1834 aut
738 1753 983 1834 misericordia
1004 1768 1153 1844 motus,
1178 1754 1418 1832 constitutum
1428 1755 1500 1828 hoc
1516 1755 1704 1830 adnullare
1718 1781 1782 1832 cu-

514 1862 609 1960 piat,
635 1859 755 1956 gratia
769 1881 852 1932 mea
874 1855 913 1933 dr
938 1858 1177 1936 advocatione
1191 1874 1339 1945 careat,
1366 1855 1482 1930 donec
1503 1855 1599 1931 milri
1612 1859 1670 1932 vel
1696 1881 1783 1934 meo

516 1959 701 2038 successori
715 1961 872 2059 praedio,
899 1960 1077 2058 pecunia,
1103 1959 1325 2055 reliquisque
1339 1958 1466 2046 rebus,
1492 1979 1579 2056 quae
1594 1958 1643 2034 ad
1655 1982 1783 2035 recon-

515 2064 739 2140 ciliationem
755 2061 930 2162 spestant,
956 2061 1066 2157 digne
1083 2059 1294 2138 satisfaciat.
1321 2058 1398 2158 (a)

172 2323 176 2334 ,
303 2237 406 2336 *Dea
416 2239 505 2308 Frela
515 2267 679 2437 Anno
696 2271 715 2316 a
732 2263 970 2350 Donrinicae
979 2242 1318 2349 incarnationis..
1345 2326 1356 2348 .
1382 2261 1597 2376 Bruningo
1611 2265 1782 2349 venera·

623 2374 716 2462 bilis
743 2398 861 2489 pater
891 2375 1021 2488 Hugo
1049 2372 1258 2478 sucoeffit,
1286 2377 1330 2459 in
1354 2401 1440 2506 quo
1459 2375 1599 2462 divina
1624 2377 1782 2490 pietas,

517 2487 717 2602 quicquid
743 2484 810 2572 vel
835 2507 983 2573 natura
1008 2487 1076 2573 vel
1103 2489 1236 2602 gratia
1262 2486 1420 2572 lomim
1447 2487 1622 2589 confert,
1640 2487 1692 2573 ad
1707 2519 1784 2575 un·

517 2627 645 2714 guem
662 2597 881 2713 expolivit.
938 2599 1052 2688 Nam
1068 2622 1117 2688 ut
1142 2624 1297 2687 caetera
1313 2603 1356 2685 in
1373 2627 1425 2685 eo
1442 2599 1706 2734 praedicanda
1720 2624 1783 2688 ta-

519 2739 711 2814 ceamus,
741 2714 795 2797 ob
815 2714 1068 2798 eminentem
1080 2713 1247 2824 justitiae
1264 2714 1308 2801 ἃ
1324 2711 1573 2826 eloquentrae
1587 2717 1779 2826 gratiam,

502 2827 640 2916 mirae
670 2827 951 2912 venerationis
989 2828 1041 2911 ab
1067 2829 1261 2912 omnibus
1292 2825 1544 2930 habebatur,
1572 2825 1618 2913 aa
1641 2825 1783 2941 lingua

518 2939 607 3046 ejus
624 2939 732 3023 inter
749 2939 956 3053 principes
970 2933 1218 3052 loquebatur
1241 2935 1493 3055 sapientiam.
1552 2939 1653 3049 Qua
1668 2941 1719 3025 de
1737 2969 1784 3024 re

516 3046 613 3136 licet
630 3051 875 3136 monasterio
893 3045 947 3136 iae
977 3055 1042 3136 ius
1057 3049 1186 3137 abesse
1205 3077 1439 3166 cogeretur,
1456 3053 1621 3136 animus
1638 3071 1781 3136 tamen

516 3161 667 3273 ejus&
688 3159 878 3247 indefessa
906 3079 1137 3248 soiiicitudo
1164 3164 1376 3250 circa-reli
1404 3164 1506 3249 ionis
1522 3164 1713 3275 vigorem
1731 3164 1779 3250 dt

515 3271 694 3360 fratrum
732 3275 1039 3390 providentiam
1066 3273 1334 3382 versabatur,
1370 3192 1635 3389 firbditosque
1657 3273 1779 3380 suos,

516 3389 629 3500 quali
646 3391 794 3473 nutrix
811 3384 916 3472 filios
934 3384 1042 3492 suos,
1059 3387 1207 3476 fovens
1226 3453 1236 3493 ,
1263 3420 1389 3479 verus
1406 3414 1524 3506 pater
1558 3389 1782 3476 monacho·

516 3528 611 3584 rum
637 3499 682 3588 ὅ(
710 3500 791 3596 dici
810 3499 853 3587 δι
872 3499 947 3586 else
977 3507 1152 3614 curavit.
1204 3505 1346 3590 Hicin
1370 3501 1499 3618 regali
1525 3500 1678 3619 palatio
1714 3530 1783 3586 ac·

515 3614 765 3810 ceptillrmus
794 3616 845 3699 ab
874 3613 1095 3706 Hnrvaaco
1122 3619 1249 3704 tertio
1277 3645 1403 3730 rege,
1451 3619 1524 3729 qui
1550 3620 1659 3731 patri
1686 3611 1783 3717 suo,

513 3727 557 3812 vi
586 3722 709 3813 elicet
739 3724 941 3813 Cunrado·
956 3731 1225 3844 imperatori,
1242 3729 1379 3844 Spirae
1397 3726 1556 3844 sepulto
1566 3791 1595 3927 ,s
1593 3730 1680 3840 jam
1692 3744 1785 3817 tum

1590 3871 1730 3928 ueces-

407 3975 412 3984 ’
552 3974 622 4068 (aj
640 3984 775 4050 Inseruit
787 3987 838 4052 hie
859 3961 1012 4058 Freherus
1033 3987 1227 4059 HeinricilI
1255 3971 1330 4084 imp.
1354 3995 1521 4082 diploma,
1543 3993 1788 4081 quodsuperiua

596 4069 716 4156 legitur
730 4089 800 4156 pag.
817 4077 890 4157 156.
