4000 5417
544 486 620 564 424
1037 457 1408 535 Tnaorarouas'

1641 628 1817 650 ὴ

1004 756 1373 851 CCCLXXXIX.
1522 818 1525 822 -

547 893 728 985 Donetio
755 890 978 986 Meduloldi
1003 890 1046 978 in
1073 891 1201 978 eadem
1229 890 1323 977 villa
1353 890 1507 979 Karolo
1544 890 1824 1008 imperatore,

965 1004 1220 1095 Guadelando
1249 1003 1403 1090 abbate.
1962 997 1963 1026 ¹

550 1172 711 1309 Eodem
727 1170 838 1249 etiam
854 1194 951 1247 anno
965 1194 1036 1266 ego
1055 1169 1245 1246 ·Madalolt
1261 1169 1357 1245 dono
1376 1168 1610 1249 adiendum
1626 1169 1696 1245 Dei
1722 1192 1825 1246 mar·

627 1288 751 1369 tyrem
776 1273 1004 1360 Nazarium,
1029 1272 1094 1367 qui
1127 1270 1368 1369 requiescitin
1391 1293 1541 1371 corpore
1573 1272 1614 1346 in
1634 1294 1730 1370 pago
1755 1272 1825 1349 Ri-

551 1374 674 1462 nensr,
698 1377 737 1450 in
750 1372 988 1461 monasterio,
1014 1373 1113 1469 quod
1125 1372 1261 1447 dicitur
1275 1373 1532 1461 lauresham,
1558 1373 1620 1449 ubi
1635 1374 1695 1449 vir
1709 1398 1824 1450 vene·

549 1478 626 1553 rab.
653 1476 921 1553 Gundelandus
934 1474 1033 1550 abba
1048 1472 1192 1573 prraelle
1209 1473 1375 1563 videtur,
1401 1477 1654 1571 donatumque
1679 1475 1718 1550 in
1738 1493 1825 1574 per·

486 1634 492 1645 .
551 1575 786 1676 petuumelle
800 1578 905 1665 volo,
932 1576 1004 1651 hoc
1017 1574 1093 1663 est,
1120 1576 1160 1650 in
1176 1598 1271 1675 pago
1297 1576 1436 1653 Lobod.
1451 1577 1494 1651 in
1516 1572 1740 1665 attentata,
1763 1576 1826 1652 vi·

550 1676 688 1774 neamj
716 1680 812 1753 adie
826 1676 1004 1777 praesente
1020 1675 1059 1754 dt
1072 1677 1270 1776 deinceps,
1298 1692 1340 1753 ut
1354 1679 1402 1753 ad
1424 1678 1541 1777 ipsum
1559 1677 1758 1753 locum-vel
1772 1678 1826 1753 ad

553 1794 705 1877 agentes
720 1778 827 1877 ipirus
843 1776 1011 1879 proficiat
1023 1778 1062 1853 in
1089 1779 1302 1875 augmentis
1315 1778 1544 1880 stipulatione
1557 1779 1724 1855 subnixa.
1750 1776 1829 1853 Ao·

405 1916 413 1954 a
553 1881 690 1956 tamin
705 1880 921 1957 monasterio
945 1880 1212 1957 mahan
1232 1882 1414 1959 kalendas
1428 1881 1528 1983 Julii.
1568 1880 1727 1976 Signum
1741 1881 1827 1956 Ma·

551 1982 709 2072 daloldi,
734 1983 796 2082 qui
811 1984 907 2059 hano
922 1981 1160 2059 donationem
1174 1982 1274 2059 fecit.
1326 1984 1409 2082 Ego
1424 1980 1635 2062 Grimarius
1648 1980 1774 2082 scripfi.

1086 2180 1296 2307 CCCXC.
1528 2264 1538 2277 ,
1633 2240 1640 2251 ·

958 2311 1150 2404 Venatio
1176 2311 1409 2405 Madololdi.

553 2490 657 2621 Item
684 2478 874 2556 Madalold
899 2476 1047 2596 perdidi
1071 2478 1220 2596 domino
1245 2472 1488 2590 Gundelando
1512 2468 1638 2547 abbati
1660 2468 1700 2543 in
1723 2490 1826 2584 pago

607 2580 872 2669 Lobodonenfi‚
897 2601 936 2656 1n
952 2577 1042 2657 stiva
1055 2590 1255 2680 pertinente
1269 2576 1319 2651 ad
1343 2571 1558 2658 Heluetiae,
1586 2569 1696 2669 super
1710 2568 1828 2645 iluvro

409 2720 414 2731 ·
560 2684 726 2772 Uienna,
751 2683 903 2771 inloto,
930 2682 993 2780 qui
1019 2682 1150 2758 dicitur
1176 2678 1397 2763 Uiennam,
1419 2672 1517 2750 unde
1539 2673 1689 2771 accepit
1709 2671 1757 2747 ab
1781 2694 1828 2746 eo

555 2786 596 2861 in
610 2788 725 2885 pretio
751 2796 879 2861 taxato
902 2781 965 2859 sex
989 2783 1117 2859 uncias
1139 2778 1279 2896 argenti
1297 2775 1373 2892 ².&
1387 2786 1637 2893 memoratam
1659 2796 1765 2891 rem,
1789 2772 1830 2881 id

555 2886 622 2974 ast,
650 2910 765 2965 unam
779 2909 903 2964 owam
917 2886 1018 2960 dedit
1033 2881 1308 2984 praesentialiter
1318 2900 1398 2975 jam
1423 2877 1517 2953 ditio
1540 2874 1723 2952 abban&
1747 2896 1828 2947 om-

556 2987 663 3063 nibus
695 2987 946 3064 succelloribus
965 2984 1071 3082 ejus,
1097 2982 1358 3085 perpetualiter
1380 2978 1640 3080 polfidendam.
1691 2973 1830 3051 Atium

558 3088 773 3164 muruham
800 3091 858 3164 die
883 3088 922 3166 dt
944 3103 1135 3185 tempore,
1162 3108 1237 3181 quo
1262 3081 1379 3181 supra
1428 3076 1831 3193 Signumlllltmanrrh

472 3234 486 3247 =
558 3188 813 3367 Engilmapni,
831 3188 1056 3279 Erkanfridi,
1073 3185 1249 3275 Witheri,
1263 3182 1460 3273 Ruthardi,
1476 3180 1666 3261 Uuillonrs.
1700 3174 1833 3273 Scrip-
1898 3207 1906 3217 ·

556 3292 703 3390 torqui
744 3314 846 3392 upra.
1215 3296 1219 3301 ’
1372 3322 1376 3329 ·

672 3542 679 3551 ·
1105 3502 1109 3510 ·
1137 3468 1366 3565 cccxci.

809 3629 988 3725 Donatio
1006 3621 1230 3742 Gisellrelmi
1254 3621 1295 3710 in
1324 3617 1568 3725 Hilltnbaelr.

555 3809 656 3943 Ego
671 3798 709 3876 in
735 3798 804 3875 Dei
828 3791 1204 3917 npmine'diiselhelm
1220 3790 1317 3907 dopo
1332 3788 1382 3863 ad
1406 3785 1568 3905 santipm
1594 3781 1665 3861 Dei
1687 3788 1840 3897 marty·

634 3924 712 3978 rem
730 3902 959 3987 Nazarrum,
985 3918 1049 3993 qur
1065 3892 1254 3990 requiescit
1271 3912 1311 3964 m
1327 3910 1477 3987 corpore
1498 3912 1538 3963 m
1550 3908 1648 3985 pago
1672 3874 1841 3965 limena,

555 4002 621 4079 ubi
652 4002 709 4085 vir
735 4001 907 4079 venerab.
935 3992 1205 4077 Gundelandus
1231 3992 1329 4071 abba
1353 3988 1499 4090 praeelie
1523 3979 1842 4182 videfflplpena·
