4000 5417
510 441 618 518 isac.
646 436 718 514 XII
743 436 1006 532 Lornaaro
1031 437 1069 518 ll
1092 461 1200 519 rur.
1414 467 1490 546 23³

221 601 930 634 ,μυ-*υ*-

220 661 399 686 ..n-u·—

222 777 317 836 cmo
336 777 395 835 ex
421 739 812 834 Laureshammenfi
840 745 1071 830 camerario
1088 745 1131 828 in
1156 743 1352 830 abbatem
1377 737 1490 856 eligi·

222 883 304 948 tur.
362 857 451 950 Sub
470 856 550 938 hoc
568 854 716 940 eadem
739 850 904 940 ecclesia
928 855 1158 973 plur-imum
1174 855 1365 956 sudavit,
1395 877 1493 944 tum

221 975 349 1062 variis
366 975 409 1054 in
426 964 594 1055 servitio
622 964 749 1080 regali
760 973 1136 1084 occupationibus,
1162 991 1255 1058 tum
1275 966 1328 1054 ad
1344 962 1490 1053 solem-

186 1083 188 1088 ’
221 1115 297 1171 nes
324 1085 460 1170 curias
489 1083 644 1168 crebris
674 1083 1017 1187 evocationibus,
1044 1106 1137 1170 tum
1153 1086 1197 1168 in
1223 1079 1402 1196 Spirenlr
1418 1081 1491 1166 ob·

221 1197 374 1285 fidione
394 1254 405 1295 ‚
435 1215 526 1280 tum
545 1215 690 1280 contra
707 1190 857 1279 ducem
882 1195 1142 1282 Fridericum
1164 1190 1401 1312 sumptuosa
1417 1221 1491 1280 ex·

223 1310 462 1428 peditione‚
489 1309 562 1422 qui
591 1302 770 1420 eleganti
797 1305 968 1420 quidem
993 1310 1039 1398 δι
1064 1310 1233 1399 venusta
1257 1309 1391 1408 lacie,
1419 1301 1490 1393 led
1521 1309 1528 1316 ’

208 1419 426 1510 'mansueti
454 1421 499 1508 dt
514 1416 706 1535 {implicis
733 1421 889 1532 ingenii,
902 1419 1014 1525 fuit,
1042 1451 1091 1508 ac
1108 1450 1183 1537 per
1198 1422 1278 1509 hoc
1302 1417 1422 1506 facile
1448 1419 1490 1506 ei

223 1530 377 1650 subripi
413 1555 591 1649 poterat.
642 1531 757 1624 Nam
783 1553 954 1619 mortuo
992 1534 1275 1624 Gonamno
1303 1561 1488 1624 comma:
1585 1537 1589 1542 ’

224 1645 502 1748 Patauino,
536 1671 634 1730 cum
651 1643 740 1753 ejus
759 1643 955 1730 beneficia
972 1641 1152 1732 ecclesrae
1170 1643 1353 1733 absolute
1369 1674 1491 1734 vaca·

225 1781 347 1860 rent,
377 1759 421 1846 ὃ(
440 1755 665 1846 Lotharius
687 1758 916 1869 imperator
933 1787 991 1844 ex
1008 1757 1073 1840 his
1092 1757 1177 1842 duo
1194 1779 1372 1858 tantum,
1393 1785 1493 1843 nam

160 1893 170 1908 “
223 1867 382 1986 septem
410 1890 549 1968 erant,
575 1863 821 1982 Welephoni
856 1868 953 1953 duci
979 1866 1151 1953 concedi
1184 1889 1379 1982 rogaret,
1409 1871 1423 1948 i
1453 1865 1495 1952 le

221 2012 309 2068 uno
344 1982 476 2070 verbo
500 1975 712 2176 prolaffus
738 1979 825 2082 est,
862 2007 998 2094 usque
1025 1979 1078 2078 ad
1095 1975 1404 2065 inremediabile
1424 1896 1496 2064 de·

133 2167 139 2174 .
224 2096 474 2181 trimentum
503 2089 612 2176 eccle
629 2121 694 2178 rae.
745 2091 961 2205 Quicquid
989 2091 1131 2194 feodi,
1160 2094 1379 2206 inquienS‚
1410 2090 1497 2179 Go-

224 2203 409 2292 delridus
427 2202 641 2293 Palatinus
660 2231 803 2290 comes
827 2207 870 2288 in
897 2200 1091 2318 supremo
1108 2206 1212 2294 vitae
1237 2200 1413 2292 articulo
1442 2203 1496 2288 de

170 2395 178 2406 .
221 2345 349 2403 manu
366 2317 502 2402 nostra
520 2317 673 2416 tenuit,
695 2341 755 2406 ,eo
770 2343 850 2404 vos
868 2315 1080 2403 vestimus.
1135 2315 1261 2407 Unde
1289 2311 1422 2401 multa
1436 2316 1495 2417 vi,

222 2426 439 2543 multaque
457 2427 645 2515 irrstantia
670 2449 757 2514 tres
786 2430 925 2516 curias
944 2431 1023 2516 vix
1039 2430 1233 2530 retinuit,
1262 2458 1322 2515 ex
1339 2429 1493 2542 quibus
1631 2461 1635 2468 ·

223 2540 311 2633 Rut
328 2542 504 2629 fratrum
532 2540 808 2642 infirmitorio,
842 2537 1019 2630 Wibilin
1049 2567 1096 2626 en
1114 2539 1160 2630 du
1187 2538 1387 2630 Otinker'm
1404 2535 1456 2626 us

221 2655 506 2768 praebendario
532 2653 774 2768 affignavit,
804 2647 875 2740 led
904 2653 1005 2743 Otia
1031 2651 1103 2740 eim
1128 2672 1323 2741 mutuata
1349 2679 1495 2769 peccu-

223 2768 293 2850 nia
313 2763 405 2851 loco
440 2769 625 2894 pignoris
653 2762 879 2880 exposuit,
908 2765 1119 2882 profectus
1145 2766 1332 2856 Romam
1354 2765 1408 2851 ad
1424 2793 1494 2880 ge·

223 2873 361 2979 nerale
388 2873 608 2957 concilium
634 2877 866 2963 Innocentii
891 2903 1044 3005 papae,
1072 2905 1170 2993 quae
1194 2879 1345 2996 postca
1364 2877 1494 2964 credi·

224 2987 309 3070 tori
326 2987 369 3067 in
385 2979 630 3068 beneficium
658 2983 779 3068 cellit.
814 2981 1064 3098 Wibilrngen
1081 2993 1295 3105 quomodo
1314 2987 1493 3075 alienata

224 3097 293 3201 fit,
321 3095 410 3212 post
426 3090 613 3208 liquebit.
670 3093 757 3184 Rut
773 3095 815 3179 in
833 3091 899 3182 dil
922 3099 1093 3186 ofitione
1109 3103 1289 3190 fratrum
1304 3129 1493 3218 perman·

226 3211 287 3298 fit.
342 3203 621 3322 Principalem
648 3201 860 3294 ecclefiam
972 3211 1111 3328 lpost
1136 3217 1372 3302 incendium
1401 3216 1493 3326 ejus

226 3351 339 3418 anno,
355 3349 430 3438 per
447 3323 631 3520 quianue
661 3313 873 3435 episcopos
890 3319 1118 3414 consecrari
1141 3326 1268 3433 fecit,
1297 3324 1494 3418 videlicet

227 3430 504 3522 Adelbertum
580 3460 606 3515 a
633 3431 792 3516 untinae
809 3427 915 3518 sedis
942 3435 1325 3554 archiepiscopum,
1353 3441 1421 3526 Bu
1449 3465 1494 3520 o·

227 3575 325 3632 nem
339 3457 711 3643 Wormatienlem,
731 3543 973 3632 Brunonem
993 3547 1350 3664 Argentinenlem‚
1362 3464 1493 3638 Ufil.

227 3663 362 3742 ritum
400 3651 779 3758 Constantienlem‚
808 3655 1050 3746 Cunradum
1077 3654 1348 3760 Curienlem,
1384 3687 1494 3744 anno

226 3767 466 3884 Dominicae
484 3771 776 3856 incarnationis
792 3767 1034 3875 lVlCXXX,
1052 3770 1274 3858 indittione
1292 3768 1495 3873 VHLfra·
1598 3790 1604 3800 ’

227 3881 446 3993 tribusque
473 3883 516 3965 in
543 3879 817 3970 anniversaria
831 3881 955 3998 ipfius
993 3884 1268 3971 dedicationis
1287 3885 1354 3972 die
1370 3881 1496 3971 talen·

227 4013 326 4084 tum
344 3993 396 4082 de
414 3993 616 4084 reditibus
640 3993 910 4202 hubarumGin
936 3993 1021 4116 ipsa
1040 3995 1140 4092 villa
1164 3997 1403 4204 constitqitr
1431 4026 1497 4084 ca·

889 4137 918 4225 g
1349 4138 1442 4202 rum
