4000 5417
572 433 648 516 544
1025 405 1381 490 Taanrrrorrrrs

568 717 657 807 beo,
676 715 714 796 dc
731 718 770 794 in
785 715 969 820 posterum
985 719 1175 797 elaborare
1188 729 1315 818 potero
1328 713 1400 793 &a
1453 712 1593 791 astum
1609 714 1650 790 in
1665 715 1859 794 monaste-

378 851 433 918 ²4
449 827 539 900 retr.
571 821 626 898 rio
650 819 865 896 Lauroslam
879 823 931 900 VI
955 823 1135 900 kalendas
1152 821 1300 909 Martii,
1326 841 1425 894 anno
1445 817 1559 894 XIIII·
1579 819 1688 914 regni
1711 819 1861 899 domini

571 921 682 1000 nostri
698 923 824 998 Karoli
840 923 1073 1023 imperatoris
1086 921 1240 1021 gloriosr.
1293 921 1453 1017 Signum
1469 919 1613 996 Adonis
1633 974 1643 1008 ‚
1668 923 1740 1018 qui
1757 923 1856 1000 hanc

569 1023 806 1110 donationem
821 1024 899 1100 lieri
913 1029 1070 1124 rogavit,
1085 1027 1230 1124 fignum
1236 1023 1441 1112 Ruotberti‚
1456 1021 1634 1119 Rudingi,
1651 1022 1854 1103 Dietberti.

571 1125 918 1230 Rudolluasc‘ripsrt.

709 1263 714 1270 '
820 1325 824 1334 .
1078 1245 1357 1340 DCXXXII.
1391 1298 1406 1314 ·

809 1372 988 1468 Donatio
1016 1371 1260 1468 Erkanberri
1295 1374 1337 1464 in
1355 1373 1485 1464 eadem
1508 1373 1618 1464 villa.

572 1543 708 1686 Anno
725 1543 848 1626 XVIII
864 1542 967 1640 tegni
981 1541 1121 1619 domini
1135 1540 1246 1618 nostri
1271 1543 1397 1620 Karoli
1412 1543 1508 1639 regis
1526 1541 1765 1640 gloriofillimi
1779 1568 1854 1644 ego

660 1647 868 1744 Reginhart
882 1669 947 1746 pro
961 1643 1123 1720 remedio
1139 1647 1275 1723 animae
1288 1645 1509 1720 Erkanberti
1517 1647 1618 1722 dono
1632 1647 1681 1722 ad
1690 1647 1855 1724 sanetum

573 1748 645 1828 Dei
664 1763 868 1848 martyrem
895 1748 1097 1824 Nazarium
1112 1745 1185 1823 dre.
1208 1744 1251 1844 jjj
1264 1744 1399 1843 jurnal.
1422 1749 1462 1822 in
1486 1747 1697 1822 Sicaniam
1718 1751 1758 1824 in
1783 1751 1855 1828 Dei

572 1853 721 1928 nomine
754 1851 1016 1952 perpetualiter
1053 1850 1102 1926 ad
1132 1847 1382 1952 pollrdendum
1417 1847 1651 1948 stipulatione
1685 1850 1852 1928 subnixa.

391 1949 535 2045 raddai.
572 1953 710 2031 Altum
726 1955 765 2030 in
790 1951 1008 2030 monasterio
1032 1949 1295 2028 LauroshamV
1318 1951 1502 2028 kalendas
1529 1952 1642 2054 lunii.
1697 1955 1856 2051 Signum

573 2055 819 2156 Reginlrardl,
844 2055 1019 2157 quihanc
1034 2055 1269 2132 donationem
1284 2051 1381 2130 lecit.
1432 2055 1691 2153 Reginbertus
1707 2056 1854 2158 scripit.

1093 2251 1389 2346 DCXXXIII.
1486 2351 1493 2362 ,
1547 2270 1549 2273 ’

595 2481 598 2490 ,
812 2386 995 2483 Donatio
1014 2386 1259 2502 Erkanfridi
1283 2387 1326 2475 in
1352 2385 1481 2475 eadem
1505 2385 1613 2474 vida.

380 2571 437 2642 ιτ.
451 2527 548 2623 ma
603 2551 777 2637 nciam
791 2553 940 2630 nomine
960 2553 1023 2629 sub
1038 2553 1098 2628 are
1112 2553 1165 2632 vr
1183 2554 1363 2631 kalendas
1387 2551 1628 2652 Apamam>
1647 2549 1729 2628 xv
1741 2555 1856 2648 regni

628 2653 768 2729 domini
783 2651 892 2728 nostri
919 2655 1046 2730 Karoli
1061 2657 1177 2752 regis,
1203 2680 1272 2754 ego
1285 2654 1478 2732 Erkanlrid
1490 2653 1582 2729 dono
1595 2674 1665 2753 pro
1679 2656 1874 2730 remedio·

576 2758 712 2834 anima
737 2755 954 2832 Adelheidls
971 2756 1019 2832 ad
1041 2755 1204 2832 sanetum
1229 2759 1300 2834 Dei
1320 2773 1521 2856 martyrem
1541 2756 1752 2836 Nazarium
1776 2756 1855 2832 dre.

426 2873 430 2888 ·
575 2860 677 2959 quod
693 2857 768 2957 ipla
783 2856 875 2956 milri
891 2855 994 2934 dedit
1008 2882 1123 2934 manu
1137 2859 1371 2958 potestativa,
1386 2874 1432 2935 ut
1446 2861 1628 2937 traderem
1642 2881 1711 2959 pro
1727 2860 1856 2934 anima

576 2960 657 3059 ejus
679 2963 728 3039 ad
749 2960 911 3037 santium
937 2961 1168 3051 Nazarium,
1195 2963 1296 3060 quod
1319 2961 1359 3039 &
1380 2962 1478 3048 feci,
1504 2964 1544 3038 in
1562 2985 1659 3062 pago
1683 2963 1856 3037 Lobodo·
1938 3057 1940 3061 ⁷

575 3061 693 3151 nensr,
709 3064 749 3138 iri
772 3063 977 3136 Sickenleim
994 3061 1030 3158 vj
1045 3059 1241 3158 jurnaide
1257 3077 1354 3139 terra
1370 3066 1524 3153 arabili,
1539 3064 1577 3142 dr
1589 3062 1604 3161 j
1620 3078 1763 3163 pratum
1773 3062 1853 3137 &a

574 3164 713 3242 Attum
728 3165 766 3238 in
781 3163 997 3240 monasterio
1014 3165 1227 3240 Lauroslam
1241 3165 1302 3240 die
1317 3165 1356 3242 δι
1371 3179 1537 3266 tempore
1547 3189 1620 3264 quo
1637 3165 1747 3265 supra.
1763 3163 1856 3258 SIg-

575 3289 665 3342 num
683 3263 922 3352 Erkanfridi‚
948 3266 1014 3364 qui
1028 3265 1126 3342 hanc
1148 3269 1395 3354 donationem¹
1411 3267 1492 3346 fieri
1511 3269 1683 3367 rogavit,
1708 3264 1858 3365 signum

575 3368 771 3468 Hugberti.
802 3439 804 3442 .
825 3363 978 3446 Samuel
995 3367 1139 3470 scripsit.

1056 3499 1355 3666 ncxxxrv.
1389 3535 1395 3538 ’

764 3659 768 3666 .
808 3701 987 3796 Donario
1017 3703 1260 3817 Reginbaldi
1285 3705 1326 3792 in
1351 3702 1480 3790 eadem
1507 3702 1615 3790 villa.

574 3879 675 4010 Ego
691 3873 729 3948 in
755 3869 823 3950 Dei
839 3873 986 3946 nomine
1013 3869 1220 3988 Reginlpald
1235 3894 1300 3970 pro
1323 3869 1486 3988 remedie
1500 3869 1639 3990 animae
1662 3865 1865 3986 Wplfgozi

653 3977 749 4057 dono
771 3974 820 4054 ad
835 3973 996 4054 santium
1022 3970 1155 4051 Chrrstr
1170 3987 1373 4073 martyrem
1389 4025 1401 4064 ,
1426 3995 1490 4076 qur
1503 3974 1703 4074 requiestrt
1717 3996 1760 4047 m
1778 3996 1864 4050 cor.

1714 4099 1809 4179 pore
