4000 5417
327 455 357 521 ἶ
459 521 464 526 -
542 463 647 542 Sac.
672 461 746 539 XII
770 459 1055 538 Fa1ona1co
1081 459 1098 540 I
1125 483 1231 542 rma.
1457 431 1547 570 267²¹

1181 625 1535 654 nnn-*m

267 767 380 846 stram
394 764 540 868 respicit
554 761 755 854 eccleliam,
768 763 933 843 hilariter
946 763 1180 854 indullimus,
1195 763 1234 842 δι
1248 747 1435 864 praesentis
1450 765 1536 842 scri·

266 872 321 970 pti
335 871 551 975 authoritate
564 866 877 944 confirmavimus.
911 870 1096 948 Praeterea
1112 881 1154 944 ut
1168 871 1262 943 inter
1275 867 1369 966 ipsos
1382 867 1421 944 ἀ
1436 865 1534 970 ejus·

267 975 354 1048 dem
379 967 540 1046 ecclesiae
560 968 805 1068 parochianos
837 969 952 1046 totius
968 970 1211 1046 contentionis
1231 968 1270 1046 δι
1296 969 1534 1067 querimonia

268 1072 464 1148 materiam
483 1085 660 1172 perpetuo
677 1070 958 1158 decideremus,
982 1069 1091 1170 ipsius
1114 1071 1298 1172 praesentis
1320 1070 1535 1171 parochiani
1690 1103 1692 1110 ψ
1852 1100 1857 1109 ·

268 1172 440 1249 consensu
456 1226 467 1261 ,
492 1171 531 1250 δι
547 1171 773 1249 confratrum
787 1171 991 1248 nostrorum
1008 1174 1193 1249 mediante
1209 1171 1356 1248 consilio
1370 1171 1544 1270 decrevi,

267 1296 380 1363 mus,
404 1274 581 1371 quatinus
595 1273 749 1370 triginta
764 1272 879 1363 casei,
895 1271 1029 1368 fingull
1041 1277 1156 1374 pretio
1182 1274 1459 1355 Wormatienfis
1472 1274 1535 1350 de·

269 1376 391 1465 narii,
417 1378 498 1452 loco
515 1377 769 1465 decimarum,
795 1397 879 1473 quae
904 1373 1042 1450 ibidem
1064 1391 1143 1453 tam
1159 1376 1204 1452 de
1218 1375 1393 1454 nutibus
1419 1398 1535 1474 quam

269 1477 316 1554 de
336 1477 557 1556 animalibus
590 1499 739 1578 quoquo
764 1478 876 1552 modo
897 1474 980 1550 elici
1001 1479 1212 1576 potuerint,
1245 1480 1401 1656 praefato
1427 1500 1535 1579 paro·

269 1579 403 1655 chiano
438 1579 584 1677 suisque
618 1578 875 1655 succelloribus
908 1577 954 1652 ab
985 1579 1126 1654 eisdem
1148 1578 1251 1654 fratri
1276 1603 1320 1656 us
1342 1580 1536 1658 annuatim

269 1681 550 1780 persolvantur,
576 1680 614 1757 δι
628 1680 845 1780 praetcrhos
870 1678 944 1753 duo
958 1679 1050 1753 calei
1072 1679 1198 1754 hmilis
1212 1681 1319 1777 pretii
1343 1680 1537 1781 episcopali

269 1803 428 1858 camerae
443 1783 491 1856 ob
512 1780 597 1856 fasti
621 1783 840 1858 memoriam
867 1779 1087 1868 inferantur,
1119 1794 1228 1877 atque
1254 1779 1299 1854 de
1321 1783 1461 1877 reliquo
1488 1781 1535 1856 ab

269 1885 373 1956 omni
387 1881 615 1956 decimarum
631 1882 692 1957 seu
707 1897 927 1962 caeterarum
941 1878 1173 1955 exactionum
1194 1879 1357 1954 molestia
1372 1879 1536 1978 quieti&

269 1985 458 2056 immunes
471 2001 721 2081 permaneant
748 1987 800 2059 Et
810 1975 855 2058 ‘ut
874 1979 988 2077 hujus
1003 1979 1130 2058 nostrae
1154 1980 1382 2056 concelhonis
1396 1980 1434 2056 δι
1450 2004 1537 2058 cou-

268 2081 468 2158 stitutionis
483 2085 679 2161 austeritas
694 2107 761 2185 per
784 2085 911 2160 lutura
933 2098 1099 2181 tempora
1120 2081 1435 2158 conmendabilius
1456 2103 1537 2179 pro·

249 2197 445 2278 rogetur,
470 2198 586 2283 atque
600 2185 863 2262 inviolabiliter
883 2182 1140 2272 conservetur,
1167 2183 1340 2282 pagiuam
1359 2183 1456 2257 hanc
1471 2204 1536 2254 ex-

270 2284 356 2359 inde
371 2283 613 2383 conscriptam
628 2283 734 2382 figilli
748 2285 857 2362 nostri
876 2283 1106 2383 imprelhone
1124 2283 1285 2360 roborari
1299 2280 1537 2378 julhmus,&

269 2381 402 2471 testes,
427 2383 639 2483 inquorum
664 2388 746 2465 haec
761 2385 953 2486 praeseutia
966 2363 1065 2480 gesta
1080 2383 1185 2473 sunt,
1211 2397 1254 2460 ut
1269 2383 1365 2460 infra
1379 2383 1537 2470 videtur,

268 2485 537 2580 affignavimus.
592 2488 789 2564 Cunradus
823 2485 1102 2567 Wormatienhs
1123 2485 1338 2586 episcopus,
1364 2484 1537 2580 Sigeha'r·

269 2588 339 2662 dus
356 2589 721 2667 Laureshammensrs
737 2589 870 2678 abbas,
897 2588 1110 2677 Gemodus,
1137 2588 1332 2665 Cuuradus
1345 2584 1538 2685 capellani,

207 2735 211 2738 -
267 2690 358 2764 Orto
372 2689 542 2784 magister
556 2691 602 2766 de
627 2687 840 2790 Nimbusen,
865 2689 1078 2768 Tmtwinus
1104 2689 1149 2765 de
1180 2688 1419 2775 Winenbrim,
1445 2689 1538 2764 Ber·

268 2787 413 2863 tholfus
444 2789 491 2862 de
522 2789 745 2891 Befinshrim,
777 2790 1018 2890 parochiani,
1051 2790 1257 2868 Rehwinus
1288 2787 1539 2865 Lauresham·

270 2883 405 2964 mensis
420 2887 598 2972 decanus,
623 2890 806 2964 Rudolfus
820 2891 1035 2986 praepofitus
1051 2893 1158 2967 saneti
1179 2889 1384 2977 Michaelis,
1411 2891 1537 2964 Lanzo

272 2981 483 3086 praepofitus
502 2983 613 3059 santii
636 2985 757 3073 Petri,
781 2989 923 3074 David,
949 2993 1147 3088 Gerungus
1164 2991 1347 3068 monachi.
1400 2990 1456 3064 De
1471 3013 1537 3065 no-

268 3086 407 3167 bilibus
459 3085 698 3173 Gerhardus,
723 3087 952 3178 Bertholfus,
979 3092 1202 3168 Godefridus
1235 3092 1281 3167 de
1305 3089 1536 3178 Scowanburc,

272 3191 383 3276 Otto,
411 3140 545 3287 lipom,
572 3189 819 3283 Marquardus
851 3190 898 3265 de
921 3191 1086 3267 Heinnrll.
1138 3193 1274 3270 Attum
1306 3190 1538 3267 Lobrdcnburc

271 3291 355 3367 idus
380 3288 497 3390 Junii,
524 3312 620 3366 auno
647 3289 851 3365 Dominicae
875 3291 1137 3370 incarnationis
1162 3293 1419 3380 MCLXVIII,
1444 3291 1538 3381 indi·

269 3393 389 3468 stione
402 3392 430 3478 I,
445 3403 622 3488 regnante
636 3388 880 3485 gloriofilhmo
895 3393 1115 3492 imperatore
1140 3395 1322 3471 Friderico
1335 3417 1431 3468 anno
1439 3390 1538 3478 XVI,

270 3491 506 3590 pontificatus
518 3489 755 3569 verodomini
769 3489 932 3568 Cuuradi
946 3491 1224 3574 Wormatienfis
1237 3492 1394 3593 episcopi
1402 3513 1537 3570 anno..

203 3633 209 3642 ·
270 3593 428 3671 feliciter
442 3594 481 3668 in
506 3591 648 3670 Christo
665 3613 785 3669 amen.

273 3786 486 3964 Similem
509 3789 782 3878 humanitatis
810 3767 1007 3881 affethnn
1024 3791 1069 3882 bt
1095 3789 1277 3877 officium
1305 3771 1538 3877 famulabus

354 3899 502 3990 Christi
519 3906 562 3990 in
591 3905 885 3996 Gomersheim
938 3935 984 3993 er
1012 3906 1118 3992 hanc
1142 3903 1437 3992 concelhonem
1464 3932 1537 3993 ex·
1586 3879 1600 3900 ³

271 4005 423 4105 hibuit.
736 4046 740 4052 ·
860 3933 984 4142 Lia
1333 4013 1498 4130 CLXI..
