4000 5417
471 459 576 552 S'sc,
601 468 656 550 Xl
681 469 945 548 Hsrnnrco
971 471 1025 555 lv
1051 409 1229 550 renen.n
1386 501 1458 575 ¹99

186 785 360 870 avaritia
384 803 521 889 neque
538 778 677 891 copia,
703 802 840 889 neque
856 778 996 890 inopia
1012 778 1232 877 minuitur,
1244 777 1357 861 malo
1375 781 1453 863 im·

185 898 311 984 butus
327 892 551 1011 principi0,
570 889 623 974 ad
642 891 801 1000 majora
821 891 1008 976 animum
1034 888 1244 996 intendit,
1269 891 1314 976 ἃ
1334 891 1455 981 Wor·

184 1003 427 1095 matiensem
446 1000 728 1118 episcopatum
741 1001 1175 1114 Symoniacoambitu
1192 1003 1237 1089 t<
1260 1006 1455 1089 maximo

182 1116 548 1210 Laureshatnenfis
564 1111 741 1200 eeclesiae
759 1119 1013 1204 detrimento
1041 1116 1201 1202 invasit.
1226 1115 1371 1226 Quen}
1389 1118 1451 1202 vi·
1502 1139 1505 1144 ’

183 1231 334 1320 delicet
362 1225 496 1346 episco
525 1250 644 1312 atum
668 1257 752 1312 non
779 1249 951 1344 propter
977 1231 1136 1318 bonum
1168 1257 1276 1343 opus
1303 1229 1456 1317 defide·

183 1375 304 1448 rans,
332 1367 380 1430 ut
397 1257 524 1457 qtos
525 1343 683 1429 virtute
709 1369 792 1424 non
817 1363 1017 1471 poterat,
1045 1339 1115 1435 vel
1139 1341 1454 1454 quomodocun·
1505 1395 1509 1409 ·

214 1487 266 1543 ue
285 1455 576 1570 assequeretur,
605 1479 775 1538 onmem
790 1453 976 1564 ejusdem
1005 1453 1239 1540 monasterii
1268 1453 1452 1541 ecelesia·

182 1485 328 1656 sicum
348 1563 614 1667 thesaurum,
643 1568 771 1652 dunt
790 1569 843 1653 ab
871 1567 1112 1654 Humberto
1130 1566 1334 1672 residium,
1353 1597 1448 1654 cor-

184 1685 307 1787 rasit,
337 1681 557 1783 exhausit,
584 1673 858 1781 evisceravit,
882 1707 959 1764 nec
985 1678 1050 1764 his
1072 1703 1322 1783 contentus,
1351 1680 1451 1772 Gin-

179 1823 280 1906 gen,
315 1790 639 1907 Rumpbensuim,
663 1791 891 1902 Langena,
921 1788 1247 1904 Liutlurrshusen
1285 1792 1460 1877 inbene·

183 1907 351 2008 siciens,
375 1906 580 2021 palatinos
597 1905 669 1990 fibi
682 1907 815 1988 canes'.
833 1899 1083 1988 conciliavit.
1139 1901 1303 1989 Praeter
1320 1932 1389 2003 ea,
1403 1925 1453 1989 ut

183 2017 365 2104 fratrum
378 2019 621 2132 disturbaret
638 2013 927 2115 concordiam,
944 2043 1070 2102 novae
1085 2014 1303 2125 cujusdam
1317 2011 1455 2117 sediae,

77 2215 79 2220 .
183 2127 345 2232 nescio,
374 2158 479 2244 quas
513 2126 750 2216 insolentias
774 2124 1043 2213 subinducere
1069 2148 1245 2214 conatus
1269 2127 1353 2228 est,
1383 2123 1453 2213 sed

183 2239 343 2328 cundis
361 2241 911 2329 unanintit'er'obnitentibus
957 2239 1139 2354 reposito
1154 2237 1372 2326 frustratus
1381 2239 1453 2328 est.

181 2351 359 2440 Exasiis
388 2358 516 2467 igitur
540 2357 583 2438 in
601 2349 840 2468 episcopatu
867 2267 1004 2437 trisne
1022 2355 1161 2455 annis,
1190 2373 1280 2438 tam
1297 2347 1453 2468 episco-

181 2469 280 2581 pio,
308 2493 437 2579 quam
474 2467 654 2552 abbatiae
673 2461 787 2550 ultro
813 2466 1106 2565 renunciavit,
1133 2464 1179 2550 dr
1202 2464 1255 2548 de
1292 2487 1452 2550 caetero
1490 2551 1495 2570 ,

84 2609 87 2615 ·
177 2581 393 2776 privatum
412 2581 555 2666 vivere
549 2575 790 2778 ¹pollicitus,
804 2571 877 2662 sub
888 2578 1039 2663 umbra
1056 2577 1332 2665 conversionis
1349 2577 1450 2663 Hir·

201 2687 388 2804 augiense
424 2719 549 2776 mona
576 2687 717 2778 ¹erium
752 2691 976 2805 expetivita
1032 2687 1157 2780 Unde
1191 2719 1276 2775 non
1311 2685 1450 2776 musto

212 2803 271 2888 ost
296 2806 348 2889 ab
365 2806 510 2887 amicis
527 2823 774 2905 revocatus,
790 2827 837 2888 ut
852 2805 919 2892 vir
944 2799 1129 2917 duplex,
1150 2806 1293 2888 animo
1308 2804 1449 2887 incon·

270 2940 321 3013 S,
349 2915 393 2994 in
428 2915 620 2996 omnibus
648 2915 733 2998 viis
757 2913 839 2998 suis
875 2937 989 3002 retro
1018 2913 1270 3028 respiciens,
1302 2910 1449 3001 uersus

183 3023 302 3110 estin
327 3023 503 3107 stantum
521 3015 627 3105 salis.
683 3020 798 3107 Nam
816 3023 1010 3135 flingen,
1025 3027 1141 3138 quod
1156 3024 1360 3142 imperiali
1376 3057 1448 3117 au·

184 3136 377 3223 &oritate
409 3129 585 3219 fratrum
619 3131 812 3219 industria
840 3161 1185 3252 recuperaverat,
1228 3139 1366 3225 denuo
1402 3144 1447 3227 in

185 3247 430 3334 beneficium
446 3243 669 3360 exposuit,
699 3244 746 3331 dt
777 3247 958 3334 Slirburc
1011 3255 1248 3367 top-rietatis
1264 3248 1447 3368 praescri-

185 3363 337 3476 ptione'
346 3359 487 3470 injuste
512 3359 565 3444 ab
582 3353 746 3442 ecclesa
762 3356 931 3446 alienari
959 3278 1172 3466 ssstinuit,
1200 3361 1448 3476 rursumque

186 3474 375 3568 abdicata
402 3469 547 3668 splonte
569 3491 663 3555 utra
693 3497 747 3554 ue
775 3469 989 3583 dignitate,
1019 3471 1284 3588 Hirsangiam
1309 3504 1449 3561 rever·

187 3581 269 3686 sue,
288 3588 412 3673 rebus
457 3585 627 3670 umanis
639 3580 829 3684 excessit,
857 3580 1079 3671 miserabili
1093 3583 1190 3671 sane
1205 3591 1345 3688 exitu,
1371 3590 1449 3698 qui

182 3717 302 3782 tanta
318 3701 483 3812 rapuit,
512 3696 557 3782 dt
573 3692 672 3782 nibil
699 3691 903 3796 exsolvit,
931 3723 1008 3781 nee
1032 3725 1131 3782 cum
1157 3697 1324 3786 Zacheo
1349 3725 1450 3810 qua·

136 3843 147 3854 ·
184 3806 379 3922 druplurn
397 3873 414 3912 ,
437 3805 505 3895 sed
520 3840 595 3894 nee
619 3805 808 3923 fimpsum
825 3808 1031 3913 restituit,
1058 3837 1126 3896 res
1142 3837 1373 3925 pauperum
1390 3811 1449 3897 di-

110 4013 113 4022 ,
184 3921 384 4008 stribuens
402 3930 486 4010 no'n
512 3925 774 4038 pauperibus.
830 3921 983 4008 Tenuit
1010 3952 1034 4007 e
1063 3918 1291 4038 iscopatum
1329 3928 1449 4010 annis

186 4033 343 4140 tribus,
362 4036 574 4126 abbatiam
591 4037 708 4124 annis
724 4031 804 4144 XI,
822 4063 909 4153 quo
924 3951 1167 4146 recedent,
1181 4058 1230 4128 ut
1248 4037 1449 4243 dialtiiffnrus,
