4000 5417
582 440 639 499 ηε
665 436 792 530 esso
815 417 1114 500 Rusnnrrsr.
1415 444 1532 536 237,-

215 735 391 838 praesente
405 731 513 810 trado
527 738 639 824 atque
661 725 880 819 transfundo
893 721 1157 842 perpetualiter
1168 724 1434 844 possidendum,
1449 723 1492 808 δέ

150 901 154 909 .
213 850 344 926 cetero,
370 833 495 934 usque:
521 828 645 905 atium
659 829 699 904 in
713 826 931 904 monasterro
944 826 1160 902 Laureion
1182 827 1247 906 sub
1263 829 1322 903 'dre
1337 831 1407 906 XII
1422 831 1489 907 lra-
1528 845 1582 898 21·
1603 825 1674 905 su.

185 927 347 1015 ”lendas
361 931 565 1014 Februarii.
615 929 774 1026 Signum
800 928 1008 1022 Bernheri,
1031 929 1099 1028 qui
1123 929 1221 1010 hanc
1253 931 1507 1014 donationem¹

213 1039 317 1118 fecit.
368 1035 577 1117 Autbertus
591 1029 805 1132 subscripsit.

744 1231 966 1324 CLXXII.
1004 1274 1010 1282 ·

211 1368 394 1464 Duratio
426 1367 494 1462 W
489 1360 659 1457 illiberis·
674 1361 900 1484 sacerdotis
930 1363 972 1451 in
995 1363 1153 1480 Birstat
1180 1395 1282 1458 anno
1319 1369 1496 1468 XXIII

296 1481 444 1574 domiui
460 1479 609 1609 Karoli
625 1477 746 1593 regni
761 1479 848 1592 ejus
864 1537 878 1580 ,
885 1477 962 1595 sub
981 1480 1119 1569 abbate
1143 1478 1404 1575 Riclrbodone.
1489 1597 1492 1604 ,

240 1676 267 1728 n
288 1649 423 1730 Christi
448 1649 623 1736 nomine,
648 1668 720 1742 ego
745 1641 993 1724 Willaharius
1015 1645 1194 1743 presbiter
1218 1649 1314 1726 dono
1335 1652 1384 1728 ad
1406 1651 1489 1732 san-

265 1754 365 1829 uum
389 1751 593 1829 Nazarium
613 1761 850 1844 martyrem,
876 1739 920 1821 ts
944 1747 1078 1840 reliquo
1097 1745 1222 1844 usque:
1248 1751 1383 1828 hoc-est
1407 1776 1489 1832 rem

138 1981 144 1992 ,
208 1877 336 1932 meam
349 1854 394 1968 ³⁰·
409 1875 505 1949 W
519 1845 906 2027 nmffltnpup
919 1845 1317 2026 'aiiifflffiiibiis
1331 1853 1487 2031 ”iffi

207 1950 678 2141 Ingr’lXiliIgltIrranInerI‘mm,
695 2000 862 2129 srmiiiter
874 2047 913 2125 ἃ
927 2048 966 2123 in
973 2073 1068 2147 pago
1082 2051 1233 2167 Spirenfi
1246 2004 1364 2128 uanm
1378 2077 1485 2135 man.

205 2157 287 2234 sum
301 2156 340 2231 in
353 2155 446 2231 villa
470 2154 660 2249 Borhiagin
682 2153 781 2227 dono
802 2149 852 2227 ad
869 2149 1032 2226 santium
1058 2151 1127 2226 Der
1143 2165 1348 2250 martyrem
1362 2156 1410 2234 N.
1428 2171 1484 2234 to·
1606 2203 1613 2214 ·

205 2271 290 2334 tum
301 2255 344 2338 ,ἀ
360 2255 409 2332 ad
423 2254 610 2350 integrum
627 2278 650 2329 a
664 2255 724 2329 die
737 2251 916 2350 praesente
938 2251 977 2328 δι
991 2252 1174 2352 deinceps,
1189 2251 1232 2332 ὅ
1247 2257 1484 2358 aureusque:

204 2359 329 2434 atium
343 2356 383 2431 in
404 2353 623 2434 monasterio
648 2351 864 2470 wamiam
890 2351 955 2429 sub
981 2353 1042 2428 die
1056 2355 1146 2472 XIII
1167 2355 1347 2473 kalendas
1372 2362 1482 2461 junii.
1531 2359 1583 2477 ¹I·
1600 2387 1676 2479 mi,

201 2457 365 2555 Siguum
380 2455 581 2536 Williharii
588 2455 853 2554 presbiteriqm
867 2452 965 2530 hanc
974 2455 1210 2533 donationem
1225 2457 1322 2548 fecrt,
1338 2459 1484 2558 iignum

201 2557 405 2644 Herdrici‚
429 2557 627 2658 Bernhart.¹
679 2557 765 2656 Ego
797 2555 1021 2659 Rudolphus
1042 2557 1140 2638 hanc
1161 2558 1399 2642 donationem
1423 2586 1483 2644 ro·

202 2675 315 2759 gatus
341 2656 539 2760 subscripsi.

239 2821 245 2834 .
715 2754 960 2852 CLXXIII.

200 2887 384 2981 Donatio
399 2886 641 2997 Lieietagae
658 2887 702 2975 in
716 2889 875 2998 Birstut
889 2920 993 2983 anno
1010 2894 1111 2986 XX
1118 2897 1236 3012 regni
1254 2897 1401 2988 domini
1414 2929 1481 2992 no·

21 2965 26 2979 ’
191 3000 298 3114 stri,
315 2995 465 3093 ramo
479 2997 643 3111 gorna
668 2999 950 3113 imperatoris,
957 3007 1035 3125 sur
1052 3008 1192 3098 arrae
1216 3009 1480 3106 aarum.

197 3173 303 3311 Ego
324 3165 369 3265 in
398 3161 470 3240 Dei
490 3161 639 3241 nomine
665 3161 867 3268 Liebetaga
885 3170 982 3249 dono
1004 3174 1053 3252 ad
1075 3171 1237 3254 santium
1269 3191 1475 3277 martyrem

278 3265 414 3346 Christi
427 3267 474 3344 N.
501 3265 563 3365 qui
577 3265 765 3362 requiescit
778 3269 818 3347 in
832 3296 982 3374 corpore
995 3276 1035 3352 in
1055 3301 1150 3374 pago
1164 3277 1319 3385 Rinaerrfi,
1342 3283 1381 3358 in
1395 3305 1476 3357 mo·

202 3369 385 3460 austerio,
412 3368 512 3468 quod
542 3380 699 3448 vocatur
723 3369 964 3466 Maiam,
990 3373 1035 3455 ὅ
1056 3379 1214 3476 reliquo,
1238 3403 1369 3478 usque:
1395 3405 1478 3459 rem

201 3495 346 3559 meam,
371 3471 443 3546 hoc
460 3469 530 3559 est,
556 3468 737 3568 quidquid
753 3472 794 3548 in
817 3473 1017 3576 ffirstcttrro
1031 3500 1158 3555 marca
1172 3478 1308 3557 habere
1322 3482 1397 3560 visa
1410 3483 1478 3572 fui,

199 3583 284 3647 tarn
300 3571 463 3660 mansis,
489 3573 644 3671 campis,
670 3573 806 3673 pratis,
831 3577 1004 3672 pascuis,
1030 3580 1190 3678 perviis,
1215 3582 1342 3658 omnia
1366 3583 1478 3660 &ex

200 3672 403 3762 omnibus,
429 3671 646 3752 srmilite'r&
661 3676 700 3752 in
730 3673 914 3765 Wzdlui,
940 3678 1120 3776 quidquid
1139 3691 1259 3756 mater
1276 3705 1361 3760 mea
1382 3683 1479 3760 mihi
1571 3777 1573 3784 Ι

201 3771 256 3849 ibi
290 3771 512 3868 dereliquit,
538 3788 620 3850 tam
639 3775 794 3865 mansas,
820 3780 980 3878 campis,
1006 3781 1141 3880 pratis,
1167 3779 1334 3880 pascuis,
1359 3784 1477 3876 srlviS,

204 3871 342 3976 perviis
360 3925 370 3960 ,
396 3873 574 3950 omnia&
589 3900 637 3951 ex
652 3877 850 3970 omnibus,
875 3881 923 3959 de
933 3880 1016 3979 jure
1031 3905 1116 3959 meo
1130 3879 1240 3978 injus
1256 3883 1295 3961 dr
1309 3887 1477 3982 domina·

200 3976 341 4060 tionem
354 3973 464 4059 Iaudd
477 3975 527 4056 N.
542 3979 669 4073 trado,
695 3994 808 4084 atque
823 3984 1045 4070 transfundo
1057 3987 1376 4176 perpetualiterfipld
1390 4012 1476 4091 pos·

1359 4117 1423 4178 en·
