4000 5417
525 397 632 475 Suc.
658 395 729 472 IX.
755 394 1018 475 Lunovico
1041 418 1122 473 ero
1148 422 1261 491 rme,
1434 338 1488 501 47ᾗ

222 706 481 781 testamentum
502 701 621 777 lacere
642 700 895 787 decrevimus,
922 722 988 798 per
1001 702 1102 796 quod
1121 702 1316 801 spontanea
1335 700 1374 779 a
1395 702 1487 777 inte·

220 830 287 901 gra
312 808 506 883 voluntate
528 805 731 891 donamus,
756 802 854 900 quod
867 801 913 877 ab
934 802 1114 880 hodierna
1139 806 1199 880 die
1218 806 1393 883 donatum
1418 802 1487 879 esse

222 909 415 995 volumus,
430 900 543 992 idest,
569 904 702 980 cellam
716 901 928 999 nostrijuris
944 906 1126 981 vocabulo
1153 906 1367 1006 Michlenstar
1380 903 1486 981 sitam

222 1007 263 1081 in
277 1032 373 1105 pago
387 1008 594 1103 Plumgowr,
608 1008 646 1081 in
660 1006 774 1102 sylva,
801 1028 884 1102 quae
898 1006 1031 1083 dicitur
1058 1007 1405 1106 odenewalt,·super
1418 1008 1486 1083 llu-

222 1110 327 1184 vium
342 1111 596 1205 Mimisingum‚
623 1130 735 1204 quam
751 1106 855 1181 nobis
880 1105 1145 1202 gloriosissimus
1175 1110 1346 1209 princeps
1369 1108 1486 1189 domi-

222 1235 292 1285 nus
314 1210 525 1287 Ludovicus
540 1211 738 1309 imperator
752 1208 942 1303 largissima
955 1211 1175 1288 liberalitate
1199 1209 1418 1287 concelbt&
1441 1212 1487 1287 de

218 1308 298 1407 jure
313 1312 374 1387 suo
387 1313 426 1387 in
446 1312 607 1387 nostrum
629 1308 692 1407 jus
713 1310 864 1385 solemni
884 1312 1077 1389 donatione
1100 1312 1306 1401 transtulit,
1333 1298 1378 1389 a&
1394 1335 1487 1411 prae·

222 1414 318 1512 cepti
332 1414 384 1489 sui
398 1412 667 1511 austeritatem
691 1412 952 1511 proprietatem
971 1415 1075 1491 nobis
1094 1414 1337 1491 confirmavit
1364 1416 1486 1501 Hanc,

224 1528 266 1589 ut
278 1516 461 1605 diximus,
475 1519 608 1592 cellam
624 1516 688 1591 sub
700 1514 915 1608 ¹integritate
931 1538 1015 1591 cum
1029 1517 1200 1593 omnibus
1214 1514 1485 1617 appenditiis&

223 1618 388 1692 terminis
403 1618 475 1693 suis
491 1672 503 1706 ,
529 1618 567 1693 δι
582 1640 668 1692 cum
682 1616 854 1691 omnibus
868 1616 916 1691 ad
931 1616 965 1691 se
990 1619 1255 1716 pertinentibus
1268 1619 1404 1693 ibidem
1420 1620 1483 1693 ba·

221 1717 346 1805 silicis,
372 1720 568 1808 domibus,
594 1717 809 1814 caeterisque
830 1715 1020 1805 aedificiis,
1045 1720 1169 1803 terris,
1186 1719 1325 1815 pratis,
1352 1719 1483 1814 sylvis,

220 1822 375 1917 campis
400 1822 534 1918 pratis,
558 1818 725 1918 pascuis,
752 1818 879 1915 aquis,
906 1841 1131 1914 aquarumve
1152 1816 1383 1906 decursibus,
1408 1822 1484 1898 cul·

220 1922 270 1994 tis
285 1921 394 2006 locis,
421 1920 460 1997 δι
474 1922 638 2009 incultis,
665 1920 865 1995 mobilibus
879 1919 989 1993 rebus
1003 1918 1042 1995 dc
1055 1919 1317 2007 immobilibus
1332 1944 1374 1993 ac
1387 1920 1421 1993 se
1436 1922 1487 2017 ip·

220 2020 278 2095 sas
313 2022 573 2109 moventibus,
608 2020 801 2121 mancipiis
827 2020 957 2095 diversi
990 2020 1097 2095 sexus
1124 2020 1163 2095 ὅ(
1183 2021 1307 2102 aetatis
1337 2041 1489 2095 numero

193 2136 383 2209 centum,
397 2124 578 2198 donamus
603 2123 642 2199 di
664 2124 845 2199 tradimus
860 2124 909 2195 ad
937 2121 1121 2197 basilicam
1136 2120 1210 2195 sive
1235 2120 1490 2196 monasterium

216 2224 415 2300 venerandi
435 2225 612 2320 martyris
633 2224 763 2299 Christi
782 2222 932 2299 Nazarii
946 2274 958 2309 ‚
974 2224 1072 2319 quod
1089 2238 1243 2297 vocatur
1264 2221 1490 2309 lauressam,

217 2325 255 2401 u
269 2324 320 2399 est
332 2324 571 2401 constantium
584 2326 621 2400 in
639 2322 736 2423 'pago
751 2320 911 2421 huense,
927 2323 966 2397 in
980 2325 1059 2421 ripa
1081 2324 1257 2411 fluminis,
1282 2323 1380 2419 quod
1399 2322 1487 2396 dici·
1542 2392 1555 2420 Ι

218 2441 277 2501 tur
296 2424 450 2521 quoa
477 2428 539 2502 ubi
560 2444 723 2527 tempore
746 2424 916 2524 praesenti
939 2426 996 2499 vir
1019 2424 1241 2499 venerabilis
1262 2423 1487 2519 Adalungua

218 2528 330 2604 abbas
339 2528 415 2603 Deo
430 2528 660 2605 deservientis
674 2526 972 2625 congregationis
984 2524 1103 2624 pastor
1115 2524 1155 2602 ἀ
1167 2527 1281 2601 retlor
1305 2524 1375 2599 elle
1395 2548 1482 2620 cog-

146 2634 150 2639 '
217 2628 398 2717 noscitur,
423 2654 467 2706 ea
487 2631 657 2707 videlicet
677 2632 820 2707 ratione
842 2642 1090 2704 memoratam
1104 2628 1341 2704 donationem
1367 2641 1483 2723 atque

216 2731 451 2806 traditionem
462 2732 660 2818 facientes,
684 2747 728 2807 ut
748 2732 927 2829 quamdiu
946 2731 985 2804 iri
1009 2730 1081 2805 hac
1104 2730 1329 2807 mortalitate
1354 2730 1481 2805 divina
1552 2744 1556 2749 ’

207 2830 365 2928 jnslrone
379 2831 604 2915 vixerimus,
627 2831 830 2909 habeamus
843 2832 1053 2927 praedictam
1072 2834 1206 2906 cellam
1230 2832 1271 2905 iii
1284 2832 1403 2907 nostra
1415 2854 1481 2929 po·

216 2930 372 3018 testate,
399 2928 512 3007 &sub
536 2930 653 3005 nostra
679 2930 904 3005 ordinatione
932 2933 1068 3029 absque
1094 2934 1206 3008 ullius
1230 2932 1390 3032 personae
1416 2946 1483 3009 aut

216 3031 401 3134 potestatis
415 3031 696 3108 contradislione
711 3032 768 3106 vel
781 3032 1054 3129 impedimento,
1068 3048 1147 3109 tam
1165 3034 1273 3110 simul
1287 3058 1401 3131 quam
1414 3032 1483 3124 sin,

217 3134 377 3231 gillatim
390 3158 454 3233 per
468 3132 740 3223 successionem,
756 3130 867 3209 siuno
882 3134 1062 3233 superstite
1081 3137 1175 3211 alter
1196 3136 1301 3211 nobis
1320 3152 1406 3213 ante
1420 3138 1482 3212 de·

130 3308 139 3319 ‚
218 3236 379 3325 cesserit,
404 3236 501 3311 filios
516 3256 662 3331 quoque
678 3230 702 3306 si
718 3257 784 3308 nos
798 3234 934 3311 habere
959 3237 1169 3331 contigerit,
1195 3262 1291 3313 unus
1305 3262 1352 3313 ex
1376 3237 1484 3313 eisin

218 3340 346 3415 eadem
371 3336 575 3437 possessione
598 3334 701 3413 nobis
722 3332 803 3429 jure
828 3338 988 3435 precario
1012 3337 1205 3425 succedat,
1237 3338 1313 3437 post
1338 3339 1484 3413 obitum

110 3458 116 3465 ’
217 3463 303 3517 vero
317 3438 480 3516 nostrum
497 3442 703 3513 memorata
726 3438 818 3513 cella
832 3460 918 3513 cum
932 3437 1035 3523 omni
1059 3438 1268 3531 integritate
1281 3440 1329 3513 ad
1343 3460 1483 3537 praeno-

216 3544 403 3618 minatum
416 3539 622 3615 venerabile
636 3536 897 3613 monasterium
912 3539 1051 3634 absque
1076 3538 1484 3613 ullius'contradislione
1510 3550 1515 3558 '

213 3646 434 3741 recipiatur,
461 3640 550 3717 &in
562 3638 642 3735 ejus
655 3639 834 3739 potestate
847 3652 960 3734 atque
981 3636 1143 3713 dominio
1155 3651 1330 3737 perpetuo
1342 3661 1483 3736 perma-

213 3757 316 3823 neat.
340 3741 428 3819 Etsi
450 3744 582 3841 aliquis
605 3758 734 3819 contra
753 3742 826 3817 hoc
846 3738 976 3819 nostrae
996 3739 1205 3815 donationis
1227 3738 1481 3817 testamentum

210 3846 387 3926 resultare
407 3846 586 3934 voluerit,
626 3861 691 3923 aut
711 3844 804 3920 illud
830 3842 1037 3919 convellere
1061 3856 1171 3940 atque
1190 3866 1369 3922 evacuare
1389 3858 1483 3919 tem.

182 4002 185 4007 -
209 3948 399 4055 ptaverit,
424 3948 593 4051 primitus
613 3946 796 4029 Christum
811 3944 850 4025 δι
866 3944 1029 4025 sanum
1040 3960 1247 4045 martyrem
1260 3944 1340 4045 ejus
1361 3946 1479 4026 Naza-

833 4106 837 4121 .
1331 4072 1430 4128 rium
