<?xml version="1.0" encoding="UTF-8"?>
<!DOCTYPE html PUBLIC "-//W3C//DTD XHTML 1.0 Transitional//EN"
    "http://www.w3.org/TR/xhtml1/DTD/xhtml1-transitional.dtd">
<html xmlns="http://www.w3.org/1999/xhtml" xml:lang="en" lang="en">
 <head>
  <title>
</title>
<meta http-equiv="Content-Type" content="text/html;charset=utf-8" />
  <meta name='ocr-system' content='tesseract 3.04.00' />
  <meta name='ocr-capabilities' content='ocr_page ocr_carea ocr_par ocr_line ocrx_word'/>
</head>
<body>
  <div class='ocr_page' id='page_1' title='image "./codexprincipiso00egyegoog_0127.png"; bbox 0 0 4000 5417; ppageno 0'>
   <div class='ocr_carea' id='block_1_1' title="bbox 547 330 1481 469">
    <p class='ocr_par' dir='ltr' id='par_1_1' title="bbox 547 330 1481 469">
     <span class='ocr_line' id='line_1_1' title="bbox 547 330 1481 469; baseline -0.002 -29"><span class='ocrx_word' id='word_1_1' title='bbox 547 330 658 441; x_wconf 72' lang='lat' dir='ltr'>Sne.</span> <span class='ocrx_word' id='word_1_2' title='bbox 686 360 744 439; x_wconf 90' lang='lat' dir='ltr'>IX</span> <span class='ocrx_word' id='word_1_3' title='bbox 769 360 1010 439; x_wconf 78' lang='lat' dir='ltr'>Annorro</span> <span class='ocrx_word' id='word_1_4' title='bbox 1037 382 1184 441; x_wconf 72' lang='lat' dir='ltr'>raon</span> <span class='ocrx_word' id='word_1_5' title='bbox 1428 382 1481 469; x_wconf 72' lang='lat'>37</span> 
     </span>
    </p>
   </div>
   <div class='ocr_carea' id='block_1_2' title="bbox 218 534 392 573">
    <p class='ocr_par' dir='ltr' id='par_1_2' title="bbox 218 534 392 573">
     <span class='ocr_line' id='line_1_2' title="bbox 218 534 392 573; baseline -0.011 -20"><span class='ocrx_word' id='word_1_6' title='bbox 218 534 392 573; x_wconf 47' lang='grc' dir='ltr'><strong><em>ψ</em></strong></span> 
     </span>
    </p>
   </div>
   <div class='ocr_carea' id='block_1_3' title="bbox 215 628 1484 867">
    <p class='ocr_par' dir='ltr' id='par_1_3' title="bbox 215 628 1484 867">
     <span class='ocr_line' id='line_1_3' title="bbox 217 628 1484 767; baseline -0.006 -20"><span class='ocrx_word' id='word_1_7' title='bbox 217 662 413 749; x_wconf 66' lang='lat' dir='ltr'>hasterium</span> <span class='ocrx_word' id='word_1_8' title='bbox 428 670 476 745; x_wconf 92' lang='lat' dir='ltr'>ob</span> <span class='ocrx_word' id='word_1_9' title='bbox 493 628 661 744; x_wconf 81' lang='lat' dir='ltr'>amorem</span> <span class='ocrx_word' id='word_1_10' title='bbox 686 666 773 754; x_wconf 91' lang='lat' dir='ltr'>Dei,</span> <span class='ocrx_word' id='word_1_11' title='bbox 799 644 1164 767; x_wconf 76' lang='lat' dir='ltr'>tranquilitatemque</span> <span class='ocrx_word' id='word_1_12' title='bbox 1177 666 1332 742; x_wconf 81' lang='lat' dir='ltr'>fratrum</span> <span class='ocrx_word' id='word_1_13' title='bbox 1348 665 1484 749; x_wconf 86' lang='lat' dir='ltr'>ibidem</span> 
     </span>
     <span class='ocr_line' id='line_1_4' title="bbox 215 768 1482 867; baseline -0.005 -20"><span class='ocrx_word' id='word_1_14' title='bbox 215 772 485 848; x_wconf 78' lang='lat' dir='ltr'>consistentium</span> <span class='ocrx_word' id='word_1_15' title='bbox 500 770 639 867; x_wconf 88' lang='lat' dir='ltr'>semper</span> <span class='ocrx_word' id='word_1_16' title='bbox 652 768 713 841; x_wconf 93' lang='lat' dir='ltr'>sub</span> <span class='ocrx_word' id='word_1_17' title='bbox 729 768 926 867; x_wconf 75' lang='lat' dir='ltr'>plenissima</span> <span class='ocrx_word' id='word_1_18' title='bbox 942 770 1099 845; x_wconf 84' lang='lat' dir='ltr'>tuitione</span> <span class='ocrx_word' id='word_1_19' title='bbox 1112 768 1405 844; x_wconf 88' lang='lat' dir='ltr'>&amp;immunitatis</span> <span class='ocrx_word' id='word_1_20' title='bbox 1419 769 1482 841; x_wconf 86' lang='lat' dir='ltr'>de·</span> 
     </span>
    </p>
   </div>
   <div class='ocr_carea' id='block_1_4' title="bbox 215 860 1684 970">
    <p class='ocr_par' dir='ltr' id='par_1_4' title="bbox 215 860 1684 970">
     <span class='ocr_line' id='line_1_5' title="bbox 215 860 1684 970; baseline -0.003 -21"><span class='ocrx_word' id='word_1_21' title='bbox 215 874 375 949; x_wconf 81' lang='lat' dir='ltr'>fensrone</span> <span class='ocrx_word' id='word_1_22' title='bbox 397 874 444 948; x_wconf 89' lang='lat' dir='ltr'>ab</span> <span class='ocrx_word' id='word_1_23' title='bbox 470 892 575 944; x_wconf 78' lang='lat' dir='ltr'>omni</span> <span class='ocrx_word' id='word_1_24' title='bbox 594 869 843 964; x_wconf 78' lang='lat' dir='ltr'>inquietudine</span> <span class='ocrx_word' id='word_1_25' title='bbox 859 868 1064 965; x_wconf 80' lang='lat' dir='ltr'>judiciariae</span> <span class='ocrx_word' id='word_1_26' title='bbox 1088 869 1277 970; x_wconf 88' lang='lat' dir='ltr'>potestatis</span> <span class='ocrx_word' id='word_1_27' title='bbox 1297 860 1483 945; x_wconf 79' lang='lat' dir='ltr'>consistere</span> <span class='ocrx_word' id='word_1_28' title='bbox 1573 962 1579 969; x_wconf 21' lang='lat'>⁸</span> <span class='ocrx_word' id='word_1_29' title='bbox 1675 919 1684 927; x_wconf 90' lang='lat'>-</span> 
     </span>
    </p>
   </div>
   <div class='ocr_carea' id='block_1_5' title="bbox 184 970 1551 4090">
    <p class='ocr_par' dir='ltr' id='par_1_5' title="bbox 184 970 1487 2013">
     <span class='ocr_line' id='line_1_6' title="bbox 214 970 1483 1075; baseline -0.003 -24"><span class='ocrx_word' id='word_1_30' title='bbox 214 973 381 1065; x_wconf 83' lang='lat' dir='ltr'>secisset3</span> <span class='ocrx_word' id='word_1_31' title='bbox 407 987 553 1072; x_wconf 89' lang='lat' dir='ltr'>propter</span> <span class='ocrx_word' id='word_1_32' title='bbox 568 970 780 1045; x_wconf 83' lang='lat' dir='ltr'>firmitatem</span> <span class='ocrx_word' id='word_1_33' title='bbox 796 985 923 1047; x_wconf 88' lang='lat' dir='ltr'>tamen</span> <span class='ocrx_word' id='word_1_34' title='bbox 948 972 999 1049; x_wconf 87' lang='lat' dir='ltr'>rei</span> <span class='ocrx_word' id='word_1_35' title='bbox 1013 972 1209 1072; x_wconf 88' lang='lat' dir='ltr'>postulavit</span> <span class='ocrx_word' id='word_1_36' title='bbox 1221 996 1245 1046; x_wconf 87' lang='lat' dir='ltr'>a</span> <span class='ocrx_word' id='word_1_37' title='bbox 1258 972 1364 1047; x_wconf 90' lang='lat' dir='ltr'>nobis</span> <span class='ocrx_word' id='word_1_38' title='bbox 1386 992 1483 1075; x_wconf 86' lang='lat' dir='ltr'>prae·</span> 
     </span>
     <span class='ocr_line' id='line_1_7' title="bbox 216 1070 1486 1173; baseline 0 -24"><span class='ocrx_word' id='word_1_39' title='bbox 216 1076 335 1149; x_wconf 73' lang='lat' dir='ltr'>diuus</span> <span class='ocrx_word' id='word_1_40' title='bbox 351 1076 463 1151; x_wconf 87' lang='lat' dir='ltr'>abbas</span> <span class='ocrx_word' id='word_1_41' title='bbox 489 1073 652 1149; x_wconf 85' lang='lat' dir='ltr'>Gerhart</span> <span class='ocrx_word' id='word_1_42' title='bbox 674 1070 781 1170; x_wconf 77' lang='lat' dir='ltr'>ipsius</span> <span class='ocrx_word' id='word_1_43' title='bbox 802 1074 1036 1160; x_wconf 85' lang='lat' dir='ltr'>monasterii,</span> <span class='ocrx_word' id='word_1_44' title='bbox 1059 1090 1104 1149; x_wconf 90' lang='lat' dir='ltr'>ut</span> <span class='ocrx_word' id='word_1_45' title='bbox 1123 1089 1322 1173; x_wconf 88' lang='lat' dir='ltr'>paternum</span> <span class='ocrx_word' id='word_1_46' title='bbox 1344 1094 1486 1149; x_wconf 89' lang='lat' dir='ltr'>morem</span> 
     </span>
     <span class='ocr_line' id='line_1_8' title="bbox 218 1172 1487 1275; baseline -0.001 -26"><span class='ocrx_word' id='word_1_47' title='bbox 218 1177 408 1273; x_wconf 86' lang='lat' dir='ltr'>sequentes</span> <span class='ocrx_word' id='word_1_48' title='bbox 419 1172 686 1271; x_wconf 53' lang='lat' dir='ltr'>,hujuscemodi</span> <span class='ocrx_word' id='word_1_49' title='bbox 706 1172 835 1249; x_wconf 88' lang='lat' dir='ltr'>nostrae</span> <span class='ocrx_word' id='word_1_50' title='bbox 850 1174 1094 1253; x_wconf 88' lang='lat' dir='ltr'>immunitatis</span> <span class='ocrx_word' id='word_1_51' title='bbox 1117 1189 1345 1275; x_wconf 79' lang='lat' dir='ltr'>praeceptum</span> <span class='ocrx_word' id='word_1_52' title='bbox 1366 1176 1413 1250; x_wconf 92' lang='lat' dir='ltr'>ob</span> <span class='ocrx_word' id='word_1_53' title='bbox 1428 1196 1487 1248; x_wconf 89' lang='lat' dir='ltr'>re·</span> 
     </span>
     <span class='ocr_line' id='line_1_9' title="bbox 218 1274 1484 1377; baseline -0.002 -25"><span class='ocrx_word' id='word_1_54' title='bbox 218 1276 421 1353; x_wconf 87' lang='lat' dir='ltr'>verentiam</span> <span class='ocrx_word' id='word_1_55' title='bbox 443 1275 553 1351; x_wconf 75' lang='lat' dir='ltr'>senili</span> <span class='ocrx_word' id='word_1_56' title='bbox 580 1274 731 1350; x_wconf 88' lang='lat' dir='ltr'>Nazarii</span> <span class='ocrx_word' id='word_1_57' title='bbox 747 1276 945 1371; x_wconf 82' lang='lat' dir='ltr'>martyris,</span> <span class='ocrx_word' id='word_1_58' title='bbox 971 1280 1034 1377; x_wconf 89' lang='lat' dir='ltr'>qui</span> <span class='ocrx_word' id='word_1_59' title='bbox 1048 1278 1182 1355; x_wconf 85' lang='lat' dir='ltr'>ibidem</span> <span class='ocrx_word' id='word_1_60' title='bbox 1196 1300 1348 1377; x_wconf 87' lang='lat' dir='ltr'>corpore</span> <span class='ocrx_word' id='word_1_61' title='bbox 1361 1276 1484 1375; x_wconf 89' lang='lat' dir='ltr'>requi·</span> 
     </span>
     <span class='ocr_line' id='line_1_10' title="bbox 218 1374 1482 1478; baseline 0.002 -24"><span class='ocrx_word' id='word_1_62' title='bbox 218 1378 331 1466; x_wconf 86' lang='lat' dir='ltr'>escit,</span> <span class='ocrx_word' id='word_1_63' title='bbox 358 1379 453 1453; x_wconf 85' lang='lat' dir='ltr'>circa</span> <span class='ocrx_word' id='word_1_64' title='bbox 472 1377 589 1475; x_wconf 91' lang='lat' dir='ltr'>ipsum</span> <span class='ocrx_word' id='word_1_65' title='bbox 610 1374 871 1451; x_wconf 86' lang='lat' dir='ltr'>monasterium</span> <span class='ocrx_word' id='word_1_66' title='bbox 894 1377 970 1453; x_wconf 89' lang='lat' dir='ltr'>lieri</span> <span class='ocrx_word' id='word_1_67' title='bbox 991 1379 1227 1455; x_wconf 84' lang='lat' dir='ltr'>censeremus.</span> <span class='ocrx_word' id='word_1_68' title='bbox 1280 1376 1398 1475; x_wconf 83' lang='lat' dir='ltr'>Cujus</span> <span class='ocrx_word' id='word_1_69' title='bbox 1416 1402 1482 1478; x_wconf 87' lang='lat' dir='ltr'>pe·</span> 
     </span>
     <span class='ocr_line' id='line_1_11' title="bbox 218 1476 1481 1577; baseline -0.002 -20"><span class='ocrx_word' id='word_1_70' title='bbox 218 1480 339 1557; x_wconf 90' lang='lat' dir='ltr'>titioni</span> <span class='ocrx_word' id='word_1_71' title='bbox 363 1479 517 1555; x_wconf 86' lang='lat' dir='ltr'>libenter</span> <span class='ocrx_word' id='word_1_72' title='bbox 539 1476 717 1555; x_wconf 88' lang='lat' dir='ltr'>assensum</span> <span class='ocrx_word' id='word_1_73' title='bbox 737 1480 980 1577; x_wconf 77' lang='lat' dir='ltr'>praebuimus,</span> <span class='ocrx_word' id='word_1_74' title='bbox 1007 1479 1045 1555; x_wconf 73' lang='grc' dir='ltr'>δι</span> <span class='ocrx_word' id='word_1_75' title='bbox 1058 1481 1129 1557; x_wconf 92' lang='lat' dir='ltr'>hoc</span> <span class='ocrx_word' id='word_1_76' title='bbox 1140 1478 1271 1557; x_wconf 79' lang='lat' dir='ltr'>nostrae</span> <span class='ocrx_word' id='word_1_77' title='bbox 1285 1480 1481 1557; x_wconf 72' lang='lat' dir='ltr'>austorita·</span> 
     </span>
     <span class='ocr_line' id='line_1_12' title="bbox 219 1579 1480 1680; baseline 0 -24"><span class='ocrx_word' id='word_1_78' title='bbox 219 1582 267 1656; x_wconf 88' lang='lat' dir='ltr'>tis</span> <span class='ocrx_word' id='word_1_79' title='bbox 288 1594 513 1680; x_wconf 87' lang='lat' dir='ltr'>praeceptum</span> <span class='ocrx_word' id='word_1_80' title='bbox 537 1602 629 1675; x_wconf 86' lang='lat' dir='ltr'>erga</span> <span class='ocrx_word' id='word_1_81' title='bbox 653 1579 769 1678; x_wconf 91' lang='lat' dir='ltr'>ipsum</span> <span class='ocrx_word' id='word_1_82' title='bbox 794 1580 1053 1660; x_wconf 84' lang='lat' dir='ltr'>monasterium</span> <span class='ocrx_word' id='word_1_83' title='bbox 1066 1582 1105 1657; x_wconf 77' lang='lat' dir='ltr'>de</span> <span class='ocrx_word' id='word_1_84' title='bbox 1118 1583 1319 1658; x_wconf 85' lang='lat' dir='ltr'>monachos</span> <span class='ocrx_word' id='word_1_85' title='bbox 1343 1582 1480 1659; x_wconf 88' lang='lat' dir='ltr'>ibidem</span> 
     </span>
     <span class='ocr_line' id='line_1_13' title="bbox 219 1682 1480 1779; baseline -0.002 -20"><span class='ocrx_word' id='word_1_86' title='bbox 219 1682 299 1759; x_wconf 92' lang='lat' dir='ltr'>Deo</span> <span class='ocrx_word' id='word_1_87' title='bbox 320 1684 522 1757; x_wconf 82' lang='lat' dir='ltr'>militantes</span> <span class='ocrx_word' id='word_1_88' title='bbox 553 1682 799 1757; x_wconf 87' lang='lat' dir='ltr'>immunitatis</span> <span class='ocrx_word' id='word_1_89' title='bbox 825 1695 935 1779; x_wconf 85' lang='lat' dir='ltr'>atque</span> <span class='ocrx_word' id='word_1_90' title='bbox 959 1682 1127 1758; x_wconf 83' lang='lat' dir='ltr'>tuitionis</span> <span class='ocrx_word' id='word_1_91' title='bbox 1157 1683 1339 1758; x_wconf 83' lang='lat' dir='ltr'>sinnitatis</span> <span class='ocrx_word' id='word_1_92' title='bbox 1358 1686 1480 1779; x_wconf 77' lang='lat' dir='ltr'>gratia</span> 
     </span>
     <span class='ocr_line' id='line_1_14' title="bbox 218 1781 1481 1885; baseline -0.002 -26"><span class='ocrx_word' id='word_1_93' title='bbox 218 1784 421 1885; x_wconf 76' lang='lat' dir='ltr'>pro-divini</span> <span class='ocrx_word' id='word_1_94' title='bbox 437 1785 562 1858; x_wconf 89' lang='lat' dir='ltr'>cultus</span> <span class='ocrx_word' id='word_1_95' title='bbox 589 1781 767 1858; x_wconf 82' lang='lat' dir='ltr'>amore&amp;</span> <span class='ocrx_word' id='word_1_96' title='bbox 793 1784 930 1860; x_wconf 82' lang='lat' dir='ltr'>animae</span> <span class='ocrx_word' id='word_1_97' title='bbox 941 1782 1072 1859; x_wconf 73' lang='lat' dir='ltr'>nostrae</span> <span class='ocrx_word' id='word_1_98' title='bbox 1096 1784 1255 1881; x_wconf 87' lang='lat' dir='ltr'>remedio</span> <span class='ocrx_word' id='word_1_99' title='bbox 1269 1782 1345 1856; x_wconf 88' lang='lat' dir='ltr'>lieri</span> <span class='ocrx_word' id='word_1_100' title='bbox 1358 1786 1481 1858; x_wconf 84' lang='lat' dir='ltr'>decre·</span> 
     </span>
     <span class='ocr_line' id='line_1_15' title="bbox 184 1881 1487 2013; baseline -0.002 -52"><span class='ocrx_word' id='word_1_101' title='bbox 184 1902 187 1905; x_wconf 82' lang='grc'><strong>’</strong></span> <span class='ocrx_word' id='word_1_102' title='bbox 218 1886 370 1975; x_wconf 87' lang='lat' dir='ltr'>vimus;</span> <span class='ocrx_word' id='word_1_103' title='bbox 397 1906 459 1981; x_wconf 89' lang='lat' dir='ltr'>per</span> <span class='ocrx_word' id='word_1_104' title='bbox 474 1885 571 1981; x_wconf 92' lang='lat' dir='ltr'>quod</span> <span class='ocrx_word' id='word_1_105' title='bbox 585 1884 818 2013; x_wconf 67' lang='lat' dir='ltr'>praecipimus</span> <span class='ocrx_word' id='word_1_106' title='bbox 834 1898 944 1981; x_wconf 84' lang='lat' dir='ltr'>atque</span> <span class='ocrx_word' id='word_1_107' title='bbox 955 1881 1153 1977; x_wconf 85' lang='lat' dir='ltr'>jubemus,</span> <span class='ocrx_word' id='word_1_108' title='bbox 1179 1898 1222 1959; x_wconf 90' lang='lat' dir='ltr'>ut</span> <span class='ocrx_word' id='word_1_109' title='bbox 1234 1885 1358 1958; x_wconf 90' lang='lat' dir='ltr'>nullus</span> <span class='ocrx_word' id='word_1_110' title='bbox 1369 1881 1487 1979; x_wconf 22' lang='lat' dir='ltr'>judex!</span> 
     </span>
    </p>

    <p class='ocr_par' dir='ltr' id='par_1_6' title="bbox 213 1983 1551 4087">
     <span class='ocr_line' id='line_1_16' title="bbox 245 1983 1485 2082; baseline -0.001 -23"><span class='ocrx_word' id='word_1_111' title='bbox 245 1985 417 2073; x_wconf 80' lang='lat' dir='ltr'>ublicuS‚</span> <span class='ocrx_word' id='word_1_112' title='bbox 442 2009 509 2060; x_wconf 90' lang='lat' dir='ltr'>nec</span> <span class='ocrx_word' id='word_1_113' title='bbox 530 1986 708 2081; x_wconf 82' lang='lat' dir='ltr'>quislibet</span> <span class='ocrx_word' id='word_1_114' title='bbox 730 1983 982 2081; x_wconf 85' lang='lat' dir='ltr'>exjndiciaria</span> <span class='ocrx_word' id='word_1_115' title='bbox 1003 1984 1205 2082; x_wconf 89' lang='lat' dir='ltr'>potestate,</span> <span class='ocrx_word' id='word_1_116' title='bbox 1230 1998 1296 2060; x_wconf 89' lang='lat' dir='ltr'>aut</span> <span class='ocrx_word' id='word_1_117' title='bbox 1314 1984 1412 2059; x_wconf 91' lang='lat' dir='ltr'>ullus</span> <span class='ocrx_word' id='word_1_118' title='bbox 1436 2008 1485 2058; x_wconf 84' lang='lat' dir='ltr'>ex</span> 
     </span>
     <span class='ocr_line' id='line_1_17' title="bbox 216 2010 1488 2185; baseline 0 -26"><span class='ocrx_word' id='word_1_119' title='bbox 216 2010 391 2160; x_wconf 63' lang='lat' dir='ltr'>inesibus</span> <span class='ocrx_word' id='word_1_120' title='bbox 415 2085 544 2161; x_wconf 88' lang='lat' dir='ltr'>nostris</span> <span class='ocrx_word' id='word_1_121' title='bbox 565 2098 643 2161; x_wconf 88' lang='lat' dir='ltr'>tam</span> <span class='ocrx_word' id='word_1_122' title='bbox 664 2086 927 2185; x_wconf 86' lang='lat' dir='ltr'>praesentibus,</span> <span class='ocrx_word' id='word_1_123' title='bbox 953 2108 1067 2183; x_wconf 87' lang='lat' dir='ltr'>quam</span> <span class='ocrx_word' id='word_1_124' title='bbox 1080 2085 1118 2162; x_wconf 70' lang='grc' dir='ltr'>ἁ</span> <span class='ocrx_word' id='word_1_125' title='bbox 1133 2085 1294 2173; x_wconf 85' lang='lat' dir='ltr'>futuris,</span> <span class='ocrx_word' id='word_1_126' title='bbox 1319 2086 1359 2159; x_wconf 92' lang='lat' dir='ltr'>in</span> <span class='ocrx_word' id='word_1_127' title='bbox 1372 2086 1488 2159; x_wconf 87' lang='lat' dir='ltr'>eccle·</span> 
     </span>
     <span class='ocr_line' id='line_1_18' title="bbox 215 2185 1486 2285; baseline -0.003 -20"><span class='ocrx_word' id='word_1_128' title='bbox 215 2185 308 2274; x_wconf 81' lang='lat' dir='ltr'>slas,</span> <span class='ocrx_word' id='word_1_129' title='bbox 336 2187 494 2262; x_wconf 87' lang='lat' dir='ltr'>autloca</span> <span class='ocrx_word' id='word_1_130' title='bbox 508 2189 566 2262; x_wconf 87' lang='lat' dir='ltr'>vel</span> <span class='ocrx_word' id='word_1_131' title='bbox 583 2210 711 2283; x_wconf 85' lang='lat' dir='ltr'>agros,</span> <span class='ocrx_word' id='word_1_132' title='bbox 736 2186 797 2262; x_wconf 88' lang='lat' dir='ltr'>seu</span> <span class='ocrx_word' id='word_1_133' title='bbox 810 2187 974 2284; x_wconf 87' lang='lat' dir='ltr'>reliquas</span> <span class='ocrx_word' id='word_1_134' title='bbox 984 2186 1209 2285; x_wconf 84' lang='lat' dir='ltr'>posselfiones</span> <span class='ocrx_word' id='word_1_135' title='bbox 1232 2186 1391 2285; x_wconf 75' lang='lat' dir='ltr'>praedisti</span> <span class='ocrx_word' id='word_1_136' title='bbox 1405 2209 1486 2263; x_wconf 88' lang='lat' dir='ltr'>mo-</span> 
     </span>
     <span class='ocr_line' id='line_1_19' title="bbox 218 2286 1485 2387; baseline -0.002 -25"><span class='ocrx_word' id='word_1_137' title='bbox 218 2286 384 2377; x_wconf 86' lang='lat' dir='ltr'>nasterii,</span> <span class='ocrx_word' id='word_1_138' title='bbox 410 2310 504 2383; x_wconf 90' lang='lat' dir='ltr'>quas</span> <span class='ocrx_word' id='word_1_139' title='bbox 518 2291 693 2363; x_wconf 89' lang='lat' dir='ltr'>moderno</span> <span class='ocrx_word' id='word_1_140' title='bbox 715 2302 880 2387; x_wconf 89' lang='lat' dir='ltr'>tempore</span> <span class='ocrx_word' id='word_1_141' title='bbox 903 2288 942 2361; x_wconf 92' lang='lat' dir='ltr'>in</span> <span class='ocrx_word' id='word_1_142' title='bbox 956 2288 1186 2383; x_wconf 85' lang='lat' dir='ltr'>quibuslibet</span> <span class='ocrx_word' id='word_1_143' title='bbox 1205 2290 1312 2387; x_wconf 86' lang='lat' dir='ltr'>pagis</span> <span class='ocrx_word' id='word_1_144' title='bbox 1337 2288 1485 2363; x_wconf 88' lang='lat' dir='ltr'>velter·</span> 
     </span>
     <span class='ocr_line' id='line_1_20' title="bbox 219 2386 1481 2487; baseline 0.002 -24"><span class='ocrx_word' id='word_1_145' title='bbox 219 2389 353 2464; x_wconf 85' lang='lat' dir='ltr'>ritoriis</span> <span class='ocrx_word' id='word_1_146' title='bbox 373 2389 468 2465; x_wconf 88' lang='lat' dir='ltr'>infra</span> <span class='ocrx_word' id='word_1_147' title='bbox 493 2390 669 2465; x_wconf 88' lang='lat' dir='ltr'>ditionem</span> <span class='ocrx_word' id='word_1_148' title='bbox 692 2389 793 2485; x_wconf 89' lang='lat' dir='ltr'>regni</span> <span class='ocrx_word' id='word_1_149' title='bbox 814 2388 928 2463; x_wconf 88' lang='lat' dir='ltr'>nostri</span> <span class='ocrx_word' id='word_1_150' title='bbox 949 2386 1043 2483; x_wconf 89' lang='lat' dir='ltr'>juste</span> <span class='ocrx_word' id='word_1_151' title='bbox 1058 2388 1096 2466; x_wconf 79' lang='lat' dir='ltr'>dr</span> <span class='ocrx_word' id='word_1_152' title='bbox 1117 2389 1284 2485; x_wconf 85' lang='lat' dir='ltr'>legaliter</span> <span class='ocrx_word' id='word_1_153' title='bbox 1304 2386 1481 2487; x_wconf 84' lang='lat' dir='ltr'>possidet,</span> 
     </span>
     <span class='ocr_line' id='line_1_21' title="bbox 218 2489 1481 2589; baseline 0.001 -24"><span class='ocrx_word' id='word_1_154' title='bbox 218 2490 277 2565; x_wconf 89' lang='lat' dir='ltr'>vel</span> <span class='ocrx_word' id='word_1_155' title='bbox 293 2489 467 2587; x_wconf 89' lang='lat' dir='ltr'>quicquid</span> <span class='ocrx_word' id='word_1_156' title='bbox 487 2490 656 2589; x_wconf 70' lang='lat' dir='ltr'>deinceps</span> <span class='ocrx_word' id='word_1_157' title='bbox 671 2514 693 2566; x_wconf 89' lang='lat' dir='ltr'>a</span> <span class='ocrx_word' id='word_1_158' title='bbox 707 2492 900 2567; x_wconf 88' lang='lat' dir='ltr'>catholicis</span> <span class='ocrx_word' id='word_1_159' title='bbox 925 2490 1012 2565; x_wconf 90' lang='lat' dir='ltr'>viris</span> <span class='ocrx_word' id='word_1_160' title='bbox 1026 2489 1146 2565; x_wconf 88' lang='lat' dir='ltr'>eidem</span> <span class='ocrx_word' id='word_1_161' title='bbox 1172 2490 1351 2565; x_wconf 87' lang='lat' dir='ltr'>collatum</span> <span class='ocrx_word' id='word_1_162' title='bbox 1366 2490 1481 2566; x_wconf 81' lang='lat' dir='ltr'>fuerit</span> 
     </span>
     <span class='ocr_line' id='line_1_22' title="bbox 220 2590 1479 2680; baseline 0 -15"><span class='ocrx_word' id='word_1_163' title='bbox 220 2590 449 2679; x_wconf 87' lang='lat' dir='ltr'>monasterio,</span> <span class='ocrx_word' id='word_1_164' title='bbox 469 2594 523 2667; x_wconf 47' lang='lat' dir='ltr'>&gt;ad</span> <span class='ocrx_word' id='word_1_165' title='bbox 543 2592 669 2669; x_wconf 87' lang='lat' dir='ltr'>causas</span> <span class='ocrx_word' id='word_1_166' title='bbox 690 2594 916 2680; x_wconf 87' lang='lat' dir='ltr'>audiendas,</span> <span class='ocrx_word' id='word_1_167' title='bbox 942 2592 1001 2667; x_wconf 89' lang='lat' dir='ltr'>vel</span> <span class='ocrx_word' id='word_1_168' title='bbox 1026 2592 1127 2668; x_wconf 90' lang='lat' dir='ltr'>sreda</span> <span class='ocrx_word' id='word_1_169' title='bbox 1150 2605 1216 2671; x_wconf 82' lang='lat' dir='ltr'>aut</span> <span class='ocrx_word' id='word_1_170' title='bbox 1246 2591 1386 2668; x_wconf 82' lang='lat' dir='ltr'>tributa</span> <span class='ocrx_word' id='word_1_171' title='bbox 1401 2592 1479 2666; x_wconf 86' lang='lat' dir='ltr'>exi-</span> 
     </span>
     <span class='ocr_line' id='line_1_23' title="bbox 217 2691 1480 2791; baseline 0.002 -24"><span class='ocrx_word' id='word_1_172' title='bbox 217 2693 355 2789; x_wconf 85' lang='lat' dir='ltr'>genda,</span> <span class='ocrx_word' id='word_1_173' title='bbox 380 2708 445 2768; x_wconf 90' lang='lat' dir='ltr'>aut</span> <span class='ocrx_word' id='word_1_174' title='bbox 459 2692 662 2779; x_wconf 79' lang='lat' dir='ltr'>mansiones</span> <span class='ocrx_word' id='word_1_175' title='bbox 687 2695 748 2769; x_wconf 87' lang='lat' dir='ltr'>vel</span> <span class='ocrx_word' id='word_1_176' title='bbox 769 2700 919 2791; x_wconf 85' lang='lat' dir='ltr'>paratas</span> <span class='ocrx_word' id='word_1_177' title='bbox 938 2692 1155 2783; x_wconf 85' lang='lat' dir='ltr'>faciendas,</span> <span class='ocrx_word' id='word_1_178' title='bbox 1180 2705 1247 2769; x_wconf 89' lang='lat' dir='ltr'>aut</span> <span class='ocrx_word' id='word_1_179' title='bbox 1259 2691 1480 2791; x_wconf 86' lang='lat' dir='ltr'>fidejussores</span> 
     </span>
     <span class='ocr_line' id='line_1_24' title="bbox 217 2792 1477 2892; baseline 0.004 -26"><span class='ocrx_word' id='word_1_180' title='bbox 217 2793 419 2877; x_wconf 88' lang='lat' dir='ltr'>tollendos,</span> <span class='ocrx_word' id='word_1_181' title='bbox 445 2792 716 2871; x_wconf 84' lang='lat' dir='ltr'>authominesi</span> <span class='ocrx_word' id='word_1_182' title='bbox 741 2794 812 2868; x_wconf 80' lang='lat' dir='ltr'>sius</span> <span class='ocrx_word' id='word_1_183' title='bbox 825 2792 1031 2869; x_wconf 88' lang='lat' dir='ltr'>monasterii</span> <span class='ocrx_word' id='word_1_184' title='bbox 1051 2809 1131 2871; x_wconf 86' lang='lat' dir='ltr'>tam</span> <span class='ocrx_word' id='word_1_185' title='bbox 1147 2795 1345 2891; x_wconf 84' lang='lat' dir='ltr'>ingenuos,</span> <span class='ocrx_word' id='word_1_186' title='bbox 1364 2799 1477 2892; x_wconf 84' lang='lat' dir='ltr'>quam</span> 
     </span>
     <span class='ocr_line' id='line_1_25' title="bbox 218 2818 1476 2991; baseline 0.001 -23"><span class='ocrx_word' id='word_1_187' title='bbox 218 2892 369 2978; x_wconf 88' lang='lat' dir='ltr'>servos,</span> <span class='ocrx_word' id='word_1_188' title='bbox 398 2890 655 2988; x_wconf 88' lang='lat' dir='ltr'>superterram</span> <span class='ocrx_word' id='word_1_189' title='bbox 680 2818 786 2987; x_wconf 61' lang='lat' dir='ltr'>ipius</span> <span class='ocrx_word' id='word_1_190' title='bbox 807 2910 1100 2983; x_wconf 88' lang='lat' dir='ltr'>commanentes,</span> <span class='ocrx_word' id='word_1_191' title='bbox 1124 2894 1251 2990; x_wconf 86' lang='lat' dir='ltr'>injuste</span> <span class='ocrx_word' id='word_1_192' title='bbox 1264 2895 1476 2991; x_wconf 76' lang='lat' dir='ltr'>distringen-</span> 
     </span>
     <span class='ocr_line' id='line_1_26' title="bbox 216 2988 1476 3096; baseline 0.002 -27"><span class='ocrx_word' id='word_1_193' title='bbox 216 2996 311 3082; x_wconf 78' lang='lat' dir='ltr'>doS,</span> <span class='ocrx_word' id='word_1_194' title='bbox 338 3006 403 3067; x_wconf 89' lang='lat' dir='ltr'>aut</span> <span class='ocrx_word' id='word_1_195' title='bbox 428 2990 524 3065; x_wconf 88' lang='lat' dir='ltr'>ullas</span> <span class='ocrx_word' id='word_1_196' title='bbox 545 2988 804 3079; x_wconf 85' lang='lat' dir='ltr'>redibitiones,</span> <span class='ocrx_word' id='word_1_197' title='bbox 829 3008 895 3069; x_wconf 85' lang='lat' dir='ltr'>aut</span> <span class='ocrx_word' id='word_1_198' title='bbox 909 2992 1056 3087; x_wconf 89' lang='lat' dir='ltr'>illicitas</span> <span class='ocrx_word' id='word_1_199' title='bbox 1076 2996 1279 3072; x_wconf 78' lang='lat' dir='ltr'>occasiones</span> <span class='ocrx_word' id='word_1_200' title='bbox 1293 2998 1476 3096; x_wconf 87' lang='lat' dir='ltr'>requiren-</span> 
     </span>
     <span class='ocr_line' id='line_1_27' title="bbox 218 3088 1475 3193; baseline 0.002 -23"><span class='ocrx_word' id='word_1_201' title='bbox 218 3096 304 3182; x_wconf 83' lang='lat' dir='ltr'>das,</span> <span class='ocrx_word' id='word_1_202' title='bbox 332 3092 479 3179; x_wconf 88' lang='lat' dir='ltr'>nostris,</span> <span class='ocrx_word' id='word_1_203' title='bbox 506 3114 573 3165; x_wconf 90' lang='lat' dir='ltr'>nec</span> <span class='ocrx_word' id='word_1_204' title='bbox 588 3088 723 3165; x_wconf 87' lang='lat' dir='ltr'>suturis</span> <span class='ocrx_word' id='word_1_205' title='bbox 748 3094 972 3193; x_wconf 88' lang='lat' dir='ltr'>temporibus</span> <span class='ocrx_word' id='word_1_206' title='bbox 991 3095 1132 3192; x_wconf 85' lang='lat' dir='ltr'>ingredi</span> <span class='ocrx_word' id='word_1_207' title='bbox 1147 3088 1305 3186; x_wconf 81' lang='lat' dir='ltr'>audeat,</span> <span class='ocrx_word' id='word_1_208' title='bbox 1330 3122 1475 3187; x_wconf 86' lang='lat' dir='ltr'>necea,</span> 
     </span>
     <span class='ocr_line' id='line_1_28' title="bbox 218 3190 1480 3297; baseline 0.002 -27"><span class='ocrx_word' id='word_1_209' title='bbox 218 3218 301 3293; x_wconf 84' lang='lat' dir='ltr'>quae</span> <span class='ocrx_word' id='word_1_210' title='bbox 327 3194 430 3294; x_wconf 89' lang='lat' dir='ltr'>supra</span> <span class='ocrx_word' id='word_1_211' title='bbox 456 3204 666 3266; x_wconf 88' lang='lat' dir='ltr'>memorata</span> <span class='ocrx_word' id='word_1_212' title='bbox 689 3190 793 3280; x_wconf 89' lang='lat' dir='ltr'>sunt,</span> <span class='ocrx_word' id='word_1_213' title='bbox 817 3196 964 3295; x_wconf 88' lang='lat' dir='ltr'>penitus</span> <span class='ocrx_word' id='word_1_214' title='bbox 984 3200 1129 3294; x_wconf 85' lang='lat' dir='ltr'>exigere</span> <span class='ocrx_word' id='word_1_215' title='bbox 1160 3199 1384 3297; x_wconf 82' lang='lat' dir='ltr'>praesumat,</span> <span class='ocrx_word' id='word_1_216' title='bbox 1415 3198 1480 3273; x_wconf 89' lang='lat' dir='ltr'>sed</span> 
     </span>
     <span class='ocr_line' id='line_1_29' title="bbox 217 3290 1479 3399; baseline 0.001 -28"><span class='ocrx_word' id='word_1_217' title='bbox 217 3298 328 3372; x_wconf 85' lang='lat' dir='ltr'>liceat</span> <span class='ocrx_word' id='word_1_218' title='bbox 344 3306 551 3371; x_wconf 91' lang='lat' dir='ltr'>memorato</span> <span class='ocrx_word' id='word_1_219' title='bbox 566 3290 689 3367; x_wconf 89' lang='lat' dir='ltr'>abbati</span> <span class='ocrx_word' id='word_1_220' title='bbox 707 3292 848 3390; x_wconf 88' lang='lat' dir='ltr'>suisque</span> <span class='ocrx_word' id='word_1_221' title='bbox 875 3294 1129 3374; x_wconf 86' lang='lat' dir='ltr'>successoribus</span> <span class='ocrx_word' id='word_1_222' title='bbox 1142 3322 1200 3373; x_wconf 88' lang='lat' dir='ltr'>res</span> <span class='ocrx_word' id='word_1_223' title='bbox 1225 3300 1386 3399; x_wconf 78' lang='lat' dir='ltr'>praediiii</span> <span class='ocrx_word' id='word_1_224' title='bbox 1399 3321 1479 3373; x_wconf 88' lang='lat' dir='ltr'>rno-</span> 
     </span>
     <span class='ocr_line' id='line_1_30' title="bbox 217 3394 1478 3498; baseline 0 -25"><span class='ocrx_word' id='word_1_225' title='bbox 217 3396 359 3475; x_wconf 84' lang='lat' dir='ltr'>nasterii</span> <span class='ocrx_word' id='word_1_226' title='bbox 374 3396 437 3471; x_wconf 89' lang='lat' dir='ltr'>sub</span> <span class='ocrx_word' id='word_1_227' title='bbox 451 3394 696 3469; x_wconf 86' lang='lat' dir='ltr'>immunitatis</span> <span class='ocrx_word' id='word_1_228' title='bbox 727 3394 854 3473; x_wconf 82' lang='lat' dir='ltr'>nostrae</span> <span class='ocrx_word' id='word_1_229' title='bbox 872 3396 1074 3475; x_wconf 72' lang='lat' dir='ltr'>defensione</span> <span class='ocrx_word' id='word_1_230' title='bbox 1090 3398 1215 3495; x_wconf 91' lang='lat' dir='ltr'>quieto</span> <span class='ocrx_word' id='word_1_231' title='bbox 1236 3401 1363 3475; x_wconf 88' lang='lat' dir='ltr'>ordine</span> <span class='ocrx_word' id='word_1_232' title='bbox 1378 3398 1478 3498; x_wconf 79' lang='lat' dir='ltr'>possi·</span> 
     </span>
     <span class='ocr_line' id='line_1_31' title="bbox 217 3492 1551 3599; baseline 0.001 -25"><span class='ocrx_word' id='word_1_233' title='bbox 217 3498 313 3574; x_wconf 90' lang='lat' dir='ltr'>dere.</span> <span class='ocrx_word' id='word_1_234' title='bbox 368 3495 551 3590; x_wconf 90' lang='lat' dir='ltr'>Quicquid</span> <span class='ocrx_word' id='word_1_235' title='bbox 570 3496 683 3570; x_wconf 88' lang='lat' dir='ltr'>etiam</span> <span class='ocrx_word' id='word_1_236' title='bbox 704 3492 768 3590; x_wconf 89' lang='lat' dir='ltr'>jus</span> <span class='ocrx_word' id='word_1_237' title='bbox 788 3496 865 3570; x_wconf 88' lang='lat' dir='ltr'>fisci</span> <span class='ocrx_word' id='word_1_238' title='bbox 882 3498 1030 3590; x_wconf 87' lang='lat' dir='ltr'>exigere</span> <span class='ocrx_word' id='word_1_239' title='bbox 1050 3513 1217 3599; x_wconf 88' lang='lat' dir='ltr'>poterat,</span> <span class='ocrx_word' id='word_1_240' title='bbox 1241 3500 1281 3573; x_wconf 90' lang='lat' dir='ltr'>in</span> <span class='ocrx_word' id='word_1_241' title='bbox 1295 3503 1481 3596; x_wconf 82' lang='lat' dir='ltr'>integrum</span> <span class='ocrx_word' id='word_1_242' title='bbox 1539 3570 1551 3581; x_wconf 85' lang='grc'>,</span> 
     </span>
     <span class='ocr_line' id='line_1_32' title="bbox 216 3594 1482 3699; baseline 0 -25"><span class='ocrx_word' id='word_1_243' title='bbox 216 3600 339 3675; x_wconf 90' lang='lat' dir='ltr'>eidem</span> <span class='ocrx_word' id='word_1_244' title='bbox 365 3594 598 3679; x_wconf 80' lang='lat' dir='ltr'>concesfimus</span> <span class='ocrx_word' id='word_1_245' title='bbox 618 3595 863 3685; x_wconf 84' lang='lat' dir='ltr'>monasterio,</span> <span class='ocrx_word' id='word_1_246' title='bbox 890 3598 1027 3671; x_wconf 89' lang='lat' dir='ltr'>scilicet</span> <span class='ocrx_word' id='word_1_247' title='bbox 1039 3651 1051 3687; x_wconf 86' lang='lat'><strong>,</strong></span> <span class='ocrx_word' id='word_1_248' title='bbox 1066 3614 1120 3674; x_wconf 79' lang='lat' dir='ltr'>&#39;ut</span> <span class='ocrx_word' id='word_1_249' title='bbox 1143 3600 1182 3672; x_wconf 92' lang='lat' dir='ltr'>in</span> <span class='ocrx_word' id='word_1_250' title='bbox 1203 3599 1379 3676; x_wconf 89' lang='lat' dir='ltr'>alimonia</span> <span class='ocrx_word' id='word_1_251' title='bbox 1392 3606 1482 3699; x_wconf 80' lang='lat' dir='ltr'>pau·</span> 
     </span>
     <span class='ocr_line' id='line_1_33' title="bbox 214 3696 1481 3801; baseline -0.006 -26"><span class='ocrx_word' id='word_1_252' title='bbox 214 3722 348 3801; x_wconf 89' lang='lat' dir='ltr'>perum</span> <span class='ocrx_word' id='word_1_253' title='bbox 362 3698 399 3773; x_wconf 88' lang='lat'>&amp;</span> <span class='ocrx_word' id='word_1_254' title='bbox 415 3696 584 3797; x_wconf 86' lang='lat' dir='ltr'>stipendia</span> <span class='ocrx_word' id='word_1_255' title='bbox 601 3700 870 3775; x_wconf 87' lang='lat' dir='ltr'>monachorum</span> <span class='ocrx_word' id='word_1_256' title='bbox 891 3696 1028 3773; x_wconf 91' lang='lat' dir='ltr'>ibidem</span> <span class='ocrx_word' id='word_1_257' title='bbox 1053 3699 1132 3775; x_wconf 87' lang='lat' dir='ltr'>Deo</span> <span class='ocrx_word' id='word_1_258' title='bbox 1145 3698 1407 3776; x_wconf 80' lang='lat' dir='ltr'>famulantium</span> <span class='ocrx_word' id='word_1_259' title='bbox 1420 3710 1481 3801; x_wconf 80' lang='lat' dir='ltr'>pe&#39;.</span> 
     </span>
     <span class='ocr_line' id='line_1_34' title="bbox 215 3799 1480 3904; baseline 0.002 -26"><span class='ocrx_word' id='word_1_260' title='bbox 215 3799 344 3878; x_wconf 83' lang='lat' dir='ltr'>renuis</span> <span class='ocrx_word' id='word_1_261' title='bbox 360 3800 580 3899; x_wconf 90' lang='lat' dir='ltr'>temporibus</span> <span class='ocrx_word' id='word_1_262' title='bbox 595 3801 761 3899; x_wconf 87' lang='lat' dir='ltr'>proficiat</span> <span class='ocrx_word' id='word_1_263' title='bbox 781 3801 820 3876; x_wconf 88' lang='lat' dir='ltr'>in</span> <span class='ocrx_word' id='word_1_264' title='bbox 832 3801 1051 3897; x_wconf 85' lang='lat' dir='ltr'>augmentis.</span> <span class='ocrx_word' id='word_1_265' title='bbox 1103 3802 1155 3877; x_wconf 90' lang='lat' dir='ltr'>Et</span> <span class='ocrx_word' id='word_1_266' title='bbox 1173 3804 1320 3899; x_wconf 85' lang='lat' dir='ltr'>quando</span> <span class='ocrx_word' id='word_1_267' title='bbox 1333 3804 1480 3904; x_wconf 83' lang='lat' dir='ltr'>quidem</span> 
     </span>
     <span class='ocr_line' id='line_1_35' title="bbox 213 3902 1547 4087; baseline -0.001 -100"><span class='ocrx_word' id='word_1_268' title='bbox 213 3902 344 3989; x_wconf 79' lang='lat' dir='ltr'>divina</span> <span class='ocrx_word' id='word_1_269' title='bbox 361 3903 550 4010; x_wconf 79' lang='lat' dir='ltr'>vocatione</span> <span class='ocrx_word' id='word_1_270' title='bbox 561 3904 781 4008; x_wconf 63' lang='lat' dir='ltr'>asprandus</span> <span class='ocrx_word' id='word_1_271' title='bbox 801 3902 920 3991; x_wconf 78' lang='lat' dir='ltr'>abbas</span> <span class='ocrx_word' id='word_1_272' title='bbox 943 3903 1003 3987; x_wconf 83' lang='lat' dir='ltr'>vel</span> <span class='ocrx_word' id='word_1_273' title='bbox 1024 3902 1238 3985; x_wconf 86' lang='lat' dir='ltr'>successores</span> <span class='ocrx_word' id='word_1_274' title='bbox 1261 3902 1344 4003; x_wconf 87' lang='lat' dir='ltr'>ejus</span> <span class='ocrx_word' id='word_1_275' title='bbox 1347 3905 1399 4087; x_wconf 69' lang='lat' dir='ltr'>pe</span> <span class='ocrx_word' id='word_1_276' title='bbox 1410 3906 1482 3987; x_wconf 84' lang='lat' dir='ltr'>hac</span> <span class='ocrx_word' id='word_1_277' title='bbox 1542 3922 1547 3927; x_wconf 51' lang='lat'>*</span> 
     </span>
    </p>

    <p class='ocr_par' dir='ltr' id='par_1_7' title="bbox 263 4031 1431 4090">
     <span class='ocr_line' id='line_1_36' title="bbox 263 4031 1431 4090; baseline -0.003 0"><span class='ocrx_word' id='word_1_278' title='bbox 263 4040 269 4051; x_wconf 94' lang='lat'>&#39;</span> <span class='ocrx_word' id='word_1_279' title='bbox 1363 4031 1431 4090; x_wconf 69' lang='lat' dir='ltr'>lloe</span> 
     </span>
    </p>
   </div>
   <div class='ocr_carea' id='block_1_6' title="bbox 0 0 2004 5417">
    <p class='ocr_par' dir='ltr' id='par_1_8' title="bbox 0 0 2004 5417">
     <span class='ocr_line' id='line_1_37' title="bbox 0 0 2004 5417; baseline 0 1"><span class='ocrx_word' id='word_1_280' title='bbox 0 0 2004 5417; x_wconf 95' lang='lat' dir='ltr'> </span> 
     </span>
    </p>
   </div>
  </div>
 </body>
</html>
