4000 5417
522 477 596 536 200
925 447 1109 528 Canon.
1135 469 1196 525 nr
1222 443 1440 526 Cunnrm

1438 618 1796 643 a—-u—-n-

521 667 697 688 ss

523 749 822 867 Hirsaugiam,
850 747 1106 838 Anshelrnus
1142 753 1340 841 concordi
1377 750 1559 840 fratrum
1593 753 1795 846 eledtione

523 861 783 979 subrogatur,
809 866 876 952 vir
894 863 1047 950 consilii
1066 865 1112 952 dr
1127 893 1292 980 magnae
1311 862 1700 982 circumspestionis,
1717 873 1794 986 qui

523 979 698 1065 induens
714 1007 792 1094 pro
819 975 989 1064 thorace
999 978 1197 1088 justitiam
1216 980 1262 1066 ὃ(
1281 983 1488 1094 accipiens
1505 1009 1583 1096 pro
1599 981 1717 1098 galea
1730 986 1794 1096 ju·

525 1091 681 1178 dicium
701 1113 894 1194 certum,
922 1094 1106 1206 primum
1132 1091 1387 1206 obpressores
1414 1092 1624 1200 eccsefiae,
1650 1094 1793 1184 videli-

510 1227 593 1290 cet
622 1202 886 1294 Bertholfum
922 1206 1205 1308 advocatum,
1251 1208 1341 1316 ejus
1370 1235 1423 1291 ue
1458 1206 1709 1316 eandores,
1744 1239 1794 1295 ac

527 1341 705 1405 caeteras
722 1316 961 1428 hujusmodi
976 1317 1122 1431 pestes,
1142 1321 1216 1431 qui
1229 1321 1319 1429 jam
1340 1233 1796 1427 devoraveruntlsrael,

379 1485 386 1532 -,
526 1451 623 1544 toto
641 1459 715 1517 ore
743 1427 918 1518 viriliter
944 1433 1203 1545 expugnavit
1227 1459 1277 1516 ac
1304 1433 1550 1565 prostravit,
1578 1459 1707 1548 atque
1734 1434 1793 1519 fa·
1832 1451 1839 1458 ·

528 1542 689 1630 milium
705 1571 803 1630 cum
828 1544 953 1629 rebus
976 1541 1156 1630 ecclesiae
1181 1547 1269 1631 exi
1299 1549 1349 1631 irs
1376 1543 1580 1633 hiantium
1602 1547 1793 1635 saucibus

530 1659 695 1772 eripuit.
731 1651 988 1744 Thesaurum
1017 1684 1187 1770 quoque
1208 1572 1547 1763 ecciesiasticum,
1572 1687 1701 1772 quem
1724 1689 1794 1746 an·

529 1766 772 1856 tecessorum
788 1763 958 1855 suorum
985 1768 1231 1858 damnabilis
1259 1774 1435 1859 ambitio
1457 1776 1501 1857 in
1518 1768 1678 1860 diversa
1713 1771 1795 1858 dis-

528 1899 746 1984 traxerat,
783 1885 973 1970 maxima
1010 1884 1232 1988 industria,
1262 1881 1508 2000 summoque
1532 1883 1673 1974 labore
1707 1881 1796 2000 plu-

529 1996 636 2082 rima
654 2023 712 2080 ex
729 2017 848 2110 parte
877 1991 1110 2120 recollegit,
1137 1995 1256 2085 iiscos
1274 2025 1444 2112 quoque
1469 2030 1490 2087 r
1542 1995 1660 2102 aies,
1688 2024 1797 2112 quos

529 2105 772 2202 Wintherus
788 2106 832 2194 δι
862 2104 930 2193 alii
948 2105 1150 2197 laicorum
1167 2111 1315 2197 ditioni
1332 2111 1376 2199 δι
1401 2028 1797 2224 usuiequbjeoemt’

531 2217 709 2305 ecclesiae
726 2219 987 2334 fratrumque
1008 2220 1175 2312 servitio
1193 2225 1392 2324 restituit,
1409 2221 1583 2326 scilicet,
1600 2223 1795 2325 Brumad,

531 2329 709 2443 Giogen,
738 2332 955 2444 Langena,
985 2333 1310 2449 Rumplreasreim,
1328 2333 1650 2450 Liutereshusen,
1673 2331 1797 2422 Sahs-

521 2442 721 2560 serzheim,
751 2449 1035 2561 imperatoriae
1060 2449 1281 2558 majestatis
1306 2448 1592 2562 patrocinante
1621 2445 1798 2531 clemen·

531 2558 606 2643 tia.
633 2555 794 2648 Verum
810 2587 910 2655 cum
926 2562 1014 2671 jam
1032 2583 1198 2674 tempus
1225 2563 1493 2660 immineret,
1521 2583 1571 2646 ut
1593 2559 1675 2665 inci
1704 2579 1796 2644 eret

517 2668 730 2782 'judicium
746 2671 798 2759 de
815 2673 943 2758 domo
971 2673 1166 2775 Domini,
1176 2694 1364 2870 propter
1379 2695 1550 2786 peccata
1579 2587 1798 2870 propdem·
1882 2704 1888 2710 ·

532 2811 629 2870 rum
646 2787 735 2897 ejus
752 2785 797 2872 dt
815 2787 1055 2899 iniquitates
1065 2782 1176 2871 sacer
1201 2807 1326 2871 otum
1344 2788 1448 2895 ejus,
1465 2813 1590 2900 comp
1606 2808 1695 2873 evit
1709 2785 1798 2873 Do·

504 2993 509 2998 ,
533 2899 672 2984 minus
701 2897 886 2984 furorem
910 2894 1061 2999 suum,
1090 2896 1239 2984 effudit
1262 2900 1375 2981 iram·
1393 2898 1687 3010 indignationis
1714 2893 1799 2983 suae

535 3007 804 3097 &succendit
823 3014 962 3124 ignem
976 3007 1036 3095 in⁴
1058 3011 1197 3123 Syon,
1224 3011 1506 3097 &devoravit
1531 3010 1800 3097 fundamenta

536 3123 639 3232 ejus.
666 3125 793 3211 Amro
802 3128 957 3209 etenim
976 3124 1214 3212 Dominicae
1232 3125 1524 3208 incarnationis
1541 3121 1691 3223 MXC,
1703 3151 1800 3209 evo·

535 3230 635 3322 lutis
651 3237 703 3322 ab
720 3259 877 3324 exortu
885 3236 1119 3322 monasterii
1136 3239 1151 3319 i
1179 3236 1259 3321 sius
1276 3232 1370 3350 plus
1384 3237 1522 3321 minus
1536 3231 1801 3324 CCCXXVI

375 3393 403 3422 ··
537 3351 674 3451 annis,
701 3349 790 3438 ΧΠ
816 3347 1014 3438 kalendas
1042 3264 1230 3463 niptris,
1259 3350 1475 3464 repentino
1500 3375 1549 3432 ac
1579 3342 1801 3432 miserabili

534 3461 726 3548 incendio
743 3485 834 3550 tota
861 3459 1227 3553 Laureshamensrs
1248 3459 1415 3548 ecclefia
1439 3459 1730 3574 conflagravit,
1755 3454 1801 3543 il·

535 3571 680 3688 lasque
699 3606 743 3662 re
802 3605 846 3662 m
874 3605 923 3660 ac
951 3577 1185 3691 principum
1212 3573 1442 3662 nobiles&
1461 3597 1627 3664 veteres
1652 3601 1804 3690 operas

533 3685 581 3776 dr
599 3692 738 3805 impen
757 3719 804 3776 as
822 3751 834 3792 ,
852 3693 1032 3805 parietes
1047 3718 1171 3793 auro,
1189 3710 1443 3802 argentoque
1459 3709 1709 3804 praetextos,
1722 3685 1803 3770 for·

536 3803 651 3886 nices
669 3831 902 3904 marmore,
928 3807 1086 3902 ebore,
1106 3805 1367 3916 gemmisque
1384 3799 1687 3902 interstinsios,
1715 3825 1802 3913 pre·

537 3909 688 4000 tiosam
708 3944 926 4032 purpurae,
946 3911 1238 4028 copiosamque
1256 3901 1586 4032 subpelledtilem,
1603 3939 1725 3998 omne
1736 3908 1802 3993 de·

480 4070 484 4078 ·
540 4029 699 4144 nique,
728 4029 842 4148 quod
867 4025 1088 4144 pulchrum
1114 4049 1206 4118 erat
1229 4026 1350 4136 visu,
1373 4057 1471 4119 cum
1509 4021 1804 4226 circumfflds
