<?xml version="1.0" encoding="UTF-8"?>
<!DOCTYPE html PUBLIC "-//W3C//DTD XHTML 1.0 Transitional//EN"
    "http://www.w3.org/TR/xhtml1/DTD/xhtml1-transitional.dtd">
<html xmlns="http://www.w3.org/1999/xhtml" xml:lang="en" lang="en">
 <head>
  <title>
</title>
<meta http-equiv="Content-Type" content="text/html;charset=utf-8" />
  <meta name='ocr-system' content='tesseract 3.04.00' />
  <meta name='ocr-capabilities' content='ocr_page ocr_carea ocr_par ocr_line ocrx_word'/>
</head>
<body>
  <div class='ocr_page' id='page_1' title='image "./codexprincipiso00egyegoog_0430.png"; bbox 0 0 4000 5417; ppageno 0'>
   <div class='ocr_carea' id='block_1_1' title="bbox 516 428 1349 527">
    <p class='ocr_par' dir='ltr' id='par_1_1' title="bbox 516 428 1349 527">
     <span class='ocr_line' id='line_1_1' title="bbox 516 428 1349 527; baseline -0.011 -13"><span class='ocrx_word' id='word_1_1' title='bbox 516 456 591 527; x_wconf 72' lang='lat'><strong>³90</strong></span> <span class='ocrx_word' id='word_1_2' title='bbox 994 428 1349 507; x_wconf 76' lang='lat' dir='ltr'><strong>Tneorrr&#39;ours</strong></span> 
     </span>
    </p>
   </div>
   <div class='ocr_carea' id='block_1_2' title="bbox 1256 592 1429 613">
    <p class='ocr_par' dir='ltr' id='par_1_2' title="bbox 1256 592 1429 613">
     <span class='ocr_line' id='line_1_2' title="bbox 1256 592 1429 613; baseline -0.023 0"><span class='ocrx_word' id='word_1_3' title='bbox 1256 592 1429 613; x_wconf 45' lang='grc' dir='ltr'><strong>μ</strong></span> 
     </span>
    </p>
   </div>
   <div class='ocr_carea' id='block_1_3' title="bbox 319 726 1856 1443">
    <p class='ocr_par' dir='ltr' id='par_1_3' title="bbox 519 726 1856 1138">
     <span class='ocr_line' id='line_1_3' title="bbox 519 726 1856 833; baseline 0.001 -24"><span class='ocrx_word' id='word_1_4' title='bbox 519 732 630 821; x_wconf 81' lang='lat' dir='ltr'><strong>silva,</strong></span> <span class='ocrx_word' id='word_1_5' title='bbox 648 726 742 832; x_wconf 74' lang='lat' dir='ltr'><strong>&#39;quae</strong></span> <span class='ocrx_word' id='word_1_6' title='bbox 757 732 804 810; x_wconf 90' lang='lat' dir='ltr'><strong>ad</strong></span> <span class='ocrx_word' id='word_1_7' title='bbox 830 730 1164 833; x_wconf 75' lang='lat' dir='ltr'><strong>Hantscuhessuimer</strong></span> <span class='ocrx_word' id='word_1_8' title='bbox 1177 755 1305 809; x_wconf 80' lang='lat' dir='ltr'><strong>marca</strong></span> <span class='ocrx_word' id='word_1_9' title='bbox 1321 730 1482 832; x_wconf 82' lang='lat' dir='ltr'>aspicere</span> <span class='ocrx_word' id='word_1_10' title='bbox 1503 732 1667 821; x_wconf 88' lang='lat' dir='ltr'><strong>videtur,</strong></span> <span class='ocrx_word' id='word_1_11' title='bbox 1692 735 1793 811; x_wconf 85' lang='lat' dir='ltr'><strong>adie</strong></span> <span class='ocrx_word' id='word_1_12' title='bbox 1852 742 1856 748; x_wconf 82' lang='grc'><strong>“</strong></span> 
     </span>
     <span class='ocr_line' id='line_1_4' title="bbox 520 833 1794 935; baseline 0 -24"><span class='ocrx_word' id='word_1_13' title='bbox 520 833 697 935; x_wconf 84' lang='lat' dir='ltr'><strong>praesente</strong></span> <span class='ocrx_word' id='word_1_14' title='bbox 723 836 827 911; x_wconf 72' lang='lat' dir='ltr'><strong>uado</strong></span> <span class='ocrx_word' id='word_1_15' title='bbox 851 851 963 933; x_wconf 86' lang='lat' dir='ltr'><strong>atque</strong></span> <span class='ocrx_word' id='word_1_16' title='bbox 979 835 1214 924; x_wconf 80' lang='lat' dir='ltr'><strong>transfundo,</strong></span> <span class='ocrx_word' id='word_1_17' title='bbox 1240 836 1313 923; x_wconf 87' lang='lat' dir='ltr'><strong>ita,</strong></span> <span class='ocrx_word' id='word_1_18' title='bbox 1328 848 1373 911; x_wconf 94' lang='lat' dir='ltr'><strong>ut</strong></span> <span class='ocrx_word' id='word_1_19' title='bbox 1403 835 1579 933; x_wconf 86' lang='lat' dir='ltr'>deinceps</span> <span class='ocrx_word' id='word_1_20' title='bbox 1603 836 1794 935; x_wconf 82' lang='lat' dir='ltr'><strong>adipsum</strong></span> 
     </span>
     <span class='ocr_line' id='line_1_5' title="bbox 520 936 1798 1037; baseline 0.003 -26"><span class='ocrx_word' id='word_1_21' title='bbox 520 936 682 1012; x_wconf 80' lang='lat' dir='ltr'><strong>faustum</strong></span> <span class='ocrx_word' id='word_1_22' title='bbox 696 936 847 1025; x_wconf 87' lang='lat' dir='ltr'><strong>locum,</strong></span> <span class='ocrx_word' id='word_1_23' title='bbox 874 939 933 1013; x_wconf 89' lang='lat' dir='ltr'><strong>vel</strong></span> <span class='ocrx_word' id='word_1_24' title='bbox 948 939 997 1013; x_wconf 90' lang='lat' dir='ltr'><strong>ad</strong></span> <span class='ocrx_word' id='word_1_25' title='bbox 1013 949 1165 1035; x_wconf 81' lang='lat' dir='ltr'>agentes</span> <span class='ocrx_word' id='word_1_26' title='bbox 1189 936 1297 1037; x_wconf 79' lang='lat' dir='ltr'><strong>ipsius</strong></span> <span class='ocrx_word' id='word_1_27' title='bbox 1310 936 1415 1012; x_wconf 89' lang='lat' dir='ltr'><strong>omni</strong></span> <span class='ocrx_word' id='word_1_28' title='bbox 1436 951 1603 1035; x_wconf 88' lang='lat' dir='ltr'><strong>tempore</strong></span> <span class='ocrx_word' id='word_1_29' title='bbox 1625 936 1798 1036; x_wconf 85' lang='lat' dir='ltr'><strong>proficiat</strong></span> 
     </span>
     <span class='ocr_line' id='line_1_6' title="bbox 521 1036 1796 1138; baseline 0.001 -27"><span class='ocrx_word' id='word_1_30' title='bbox 521 1038 561 1113; x_wconf 91' lang='lat' dir='ltr'><strong>in</strong></span> <span class='ocrx_word' id='word_1_31' title='bbox 577 1038 787 1134; x_wconf 84' lang='lat' dir='ltr'><strong>augmentis</strong></span> <span class='ocrx_word' id='word_1_32' title='bbox 800 1038 1030 1138; x_wconf 88' lang='lat' dir='ltr'><strong>stipulatione</strong></span> <span class='ocrx_word' id='word_1_33' title='bbox 1044 1040 1211 1116; x_wconf 83' lang='lat' dir='ltr'><strong>subnixa.</strong></span> <span class='ocrx_word' id='word_1_34' title='bbox 1262 1036 1400 1113; x_wconf 78' lang='lat' dir='ltr'><strong>Attum</strong></span> <span class='ocrx_word' id='word_1_35' title='bbox 1417 1039 1456 1115; x_wconf 89' lang='lat' dir='ltr'><strong>in</strong></span> <span class='ocrx_word' id='word_1_36' title='bbox 1472 1036 1687 1113; x_wconf 84' lang='lat' dir='ltr'><strong>monasterio</strong></span> <span class='ocrx_word' id='word_1_37' title='bbox 1695 1038 1796 1112; x_wconf 73' lang='lat' dir='ltr'><strong>Loe-</strong></span> 
     </span>
    </p>

    <p class='ocr_par' dir='ltr' id='par_1_4' title="bbox 319 1130 1794 1443">
     <span class='ocr_line' id='line_1_7' title="bbox 319 1130 1794 1237; baseline -0.003 -17"><span class='ocrx_word' id='word_1_38' title='bbox 319 1130 489 1220; x_wconf 71' lang='lat' dir='ltr'><strong>&#39;15·Mrrt</strong></span> <span class='ocrx_word' id='word_1_39' title='bbox 522 1140 681 1227; x_wconf 73' lang='lat' dir='ltr'><strong>rosam,</strong></span> <span class='ocrx_word' id='word_1_40' title='bbox 706 1139 788 1215; x_wconf 91' lang='lat' dir='ltr'><strong>idus</strong></span> <span class='ocrx_word' id='word_1_41' title='bbox 804 1140 939 1215; x_wconf 87' lang='lat' dir='ltr'><strong>Martii.</strong></span> <span class='ocrx_word' id='word_1_42' title='bbox 993 1140 1151 1237; x_wconf 85' lang='lat' dir='ltr'><strong>Signum</strong></span> <span class='ocrx_word' id='word_1_43' title='bbox 1176 1140 1429 1236; x_wconf 68' lang='lat' dir='ltr'><strong>cunigundis,</strong></span> <span class='ocrx_word' id='word_1_44' title='bbox 1453 1162 1540 1235; x_wconf 86' lang='lat' dir='ltr'><strong>quae</strong></span> <span class='ocrx_word' id='word_1_45' title='bbox 1555 1140 1653 1215; x_wconf 86' lang='lat' dir='ltr'><strong>hanc</strong></span> <span class='ocrx_word' id='word_1_46' title='bbox 1679 1140 1794 1215; x_wconf 88' lang='lat' dir='ltr'><strong>dona·</strong></span> 
     </span>
     <span class='ocr_line' id='line_1_8' title="bbox 522 1239 1794 1337; baseline -0.001 -20"><span class='ocrx_word' id='word_1_47' title='bbox 522 1240 662 1317; x_wconf 90' lang='lat' dir='ltr'><strong>tionem</strong></span> <span class='ocrx_word' id='word_1_48' title='bbox 696 1239 897 1337; x_wconf 85' lang='lat' dir='ltr'><strong>secit,s1g.</strong></span> <span class='ocrx_word' id='word_1_49' title='bbox 925 1241 1166 1332; x_wconf 85' lang='lat' dir='ltr'><strong>Erkansridi,</strong></span> <span class='ocrx_word' id='word_1_50' title='bbox 1191 1241 1394 1331; x_wconf 84' lang='lat' dir='ltr'><strong>Balduini,</strong></span> <span class='ocrx_word' id='word_1_51' title='bbox 1420 1240 1639 1329; x_wconf 82' lang='lat' dir='ltr'><strong>Ruthardi,</strong></span> <span class='ocrx_word' id='word_1_52' title='bbox 1672 1239 1794 1325; x_wconf 84' lang='lat' dir='ltr'><strong>Wolf·</strong></span> 
     </span>
     <span class='ocr_line' id='line_1_9' title="bbox 520 1340 1674 1443; baseline 0.002 -24"><span class='ocrx_word' id='word_1_53' title='bbox 520 1340 625 1419; x_wconf 87' lang='lat' dir='ltr'><strong>berti.</strong></span> <span class='ocrx_word' id='word_1_54' title='bbox 653 1342 902 1421; x_wconf 75' lang='lat' dir='ltr'><strong>urimmanus</strong></span> <span class='ocrx_word' id='word_1_55' title='bbox 917 1341 1068 1443; x_wconf 76' lang='lat' dir='ltr'><strong>scripsit</strong></span> <span class='ocrx_word' id='word_1_56' title='bbox 1227 1354 1233 1363; x_wconf 84' lang='lat'>&#39;</span> <span class='ocrx_word' id='word_1_57' title='bbox 1671 1357 1674 1363; x_wconf 88' lang='grc'><strong>’</strong></span> 
     </span>
    </p>
   </div>
   <div class='ocr_carea' id='block_1_4' title="bbox 521 1540 1796 1905">
    <p class='ocr_par' dir='ltr' id='par_1_5' title="bbox 521 1540 1796 1905">
     <span class='ocr_line' id='line_1_10' title="bbox 521 1540 1796 1789; baseline 0.002 -31"><span class='ocrx_word' id='word_1_58' title='bbox 521 1668 702 1767; x_wconf 83' lang='lat' dir='ltr'><strong>Donatio</strong></span> <span class='ocrx_word' id='word_1_59' title='bbox 735 1667 1021 1788; x_wconf 79' lang='lat' dir='ltr'><strong>Tseutsuindae</strong></span> <span class='ocrx_word' id='word_1_60' title='bbox 1037 1540 1472 1789; x_wconf 40' lang='lat' dir='ltr'><strong>{diffiteberis</strong></span> <span class='ocrx_word' id='word_1_61' title='bbox 1486 1699 1591 1760; x_wconf 76' lang='lat' dir='ltr'><strong>cneo</strong></span> <span class='ocrx_word' id='word_1_62' title='bbox 1605 1671 1661 1763; x_wconf 90' lang='lat' dir='ltr'><em>X</em></span> <span class='ocrx_word' id='word_1_63' title='bbox 1678 1671 1796 1785; x_wconf 76' lang='lat' dir='ltr'><strong>regni</strong></span> 
     </span>
     <span class='ocr_line' id='line_1_11' title="bbox 558 1784 1768 1905; baseline 0.002 -36"><span class='ocrx_word' id='word_1_64' title='bbox 558 1784 705 1870; x_wconf 69' lang='lat' dir='ltr'><em>domim</em></span> <span class='ocrx_word' id='word_1_65' title='bbox 720 1784 842 1905; x_wconf 69' lang='lat' dir='ltr'><strong>nostri</strong></span> <span class='ocrx_word' id='word_1_66' title='bbox 856 1784 1005 1873; x_wconf 80' lang='lat' dir='ltr'><strong>Karolr&#39;</strong></span> <span class='ocrx_word' id='word_1_67' title='bbox 1019 1784 1157 1897; x_wconf 77' lang='lat' dir='ltr'><strong>magui</strong></span> <span class='ocrx_word' id='word_1_68' title='bbox 1177 1784 1308 1897; x_wconf 78' lang='lat' dir='ltr'><strong>regis,</strong></span> <span class='ocrx_word' id='word_1_69' title='bbox 1337 1785 1595 1877; x_wconf 80' lang='lat' dir='ltr'><strong>Gundelando</strong></span> <span class='ocrx_word' id='word_1_70' title='bbox 1614 1786 1768 1872; x_wconf 81' lang='lat' dir='ltr'><em>abbate.</em></span> 
     </span>
    </p>
   </div>
   <div class='ocr_carea' id='block_1_5' title="bbox 362 1948 1821 3269">
    <p class='ocr_par' dir='ltr' id='par_1_6' title="bbox 362 1948 1821 3269">
     <span class='ocr_line' id='line_1_12' title="bbox 522 1948 1798 2091; baseline 0.002 -68"><span class='ocrx_word' id='word_1_71' title='bbox 522 1960 623 2091; x_wconf 82' lang='lat' dir='ltr'><strong>Ego</strong></span> <span class='ocrx_word' id='word_1_72' title='bbox 638 1950 677 2025; x_wconf 92' lang='lat' dir='ltr'><strong>in</strong></span> <span class='ocrx_word' id='word_1_73' title='bbox 701 1948 832 2027; x_wconf 88' lang='lat' dir='ltr'><strong>Christi</strong></span> <span class='ocrx_word' id='word_1_74' title='bbox 849 1948 998 2025; x_wconf 90' lang='lat' dir='ltr'><strong>nomine</strong></span> <span class='ocrx_word' id='word_1_75' title='bbox 1014 1950 1198 2027; x_wconf 89' lang='lat' dir='ltr'><strong>Dietsuint</strong></span> <span class='ocrx_word' id='word_1_76' title='bbox 1214 1950 1313 2027; x_wconf 90' lang='lat' dir='ltr'><strong>dono</strong></span> <span class='ocrx_word' id='word_1_77' title='bbox 1328 1951 1379 2027; x_wconf 89' lang='lat' dir='ltr'><strong>ad</strong></span> <span class='ocrx_word' id='word_1_78' title='bbox 1394 1950 1558 2029; x_wconf 75' lang='lat' dir='ltr'><strong>santium</strong></span> <span class='ocrx_word' id='word_1_79' title='bbox 1574 1950 1643 2027; x_wconf 90' lang='lat' dir='ltr'><strong>Dei</strong></span> <span class='ocrx_word' id='word_1_80' title='bbox 1655 1962 1798 2047; x_wconf 80' lang='lat' dir='ltr'><strong>marty·</strong></span> 
     </span>
     <span class='ocr_line' id='line_1_13' title="bbox 601 2050 1798 2153; baseline -0.001 -26"><span class='ocrx_word' id='word_1_81' title='bbox 601 2074 679 2127; x_wconf 90' lang='lat' dir='ltr'><strong>rem</strong></span> <span class='ocrx_word' id='word_1_82' title='bbox 695 2050 742 2129; x_wconf 88' lang='lat' dir='ltr'><strong>N.</strong></span> <span class='ocrx_word' id='word_1_83' title='bbox 769 2050 831 2150; x_wconf 92' lang='lat' dir='ltr'><strong>qui</strong></span> <span class='ocrx_word' id='word_1_84' title='bbox 848 2051 1040 2147; x_wconf 87' lang='lat' dir='ltr'><strong>requiescit</strong></span> <span class='ocrx_word' id='word_1_85' title='bbox 1072 2053 1110 2128; x_wconf 91' lang='lat' dir='ltr'><strong>in</strong></span> <span class='ocrx_word' id='word_1_86' title='bbox 1131 2074 1284 2152; x_wconf 91' lang='lat' dir='ltr'><strong>corpore</strong></span> <span class='ocrx_word' id='word_1_87' title='bbox 1301 2054 1340 2129; x_wconf 90' lang='lat' dir='ltr'><strong>in</strong></span> <span class='ocrx_word' id='word_1_88' title='bbox 1363 2076 1459 2153; x_wconf 84' lang='lat' dir='ltr'><strong>pngo</strong></span> <span class='ocrx_word' id='word_1_89' title='bbox 1486 2050 1633 2130; x_wconf 88' lang='lat' dir='ltr'><strong>Rinensi</strong></span> <span class='ocrx_word' id='word_1_90' title='bbox 1656 2052 1695 2127; x_wconf 90' lang='lat' dir='ltr'><strong>in</strong></span> <span class='ocrx_word' id='word_1_91' title='bbox 1717 2075 1798 2127; x_wconf 90' lang='lat' dir='ltr'><strong>mo-</strong></span> 
     </span>
     <span class='ocr_line' id='line_1_14' title="bbox 525 2151 1799 2253; baseline -0.002 -22"><span class='ocrx_word' id='word_1_92' title='bbox 525 2152 679 2231; x_wconf 90' lang='lat' dir='ltr'><strong>nasterio</strong></span> <span class='ocrx_word' id='word_1_93' title='bbox 704 2151 957 2240; x_wconf 86' lang='lat' dir='ltr'><strong>Lauresham‚</strong></span> <span class='ocrx_word' id='word_1_94' title='bbox 982 2152 1088 2253; x_wconf 89' lang='lat' dir='ltr'><strong>super</strong></span> <span class='ocrx_word' id='word_1_95' title='bbox 1100 2154 1259 2231; x_wconf 87' lang='lat' dir='ltr'><strong>fluvium</strong></span> <span class='ocrx_word' id='word_1_96' title='bbox 1283 2154 1441 2236; x_wconf 87' lang='lat' dir='ltr'><strong>Wisscoz</strong></span> <span class='ocrx_word' id='word_1_97' title='bbox 1454 2156 1548 2242; x_wconf 86' lang='lat' dir='ltr'><strong>fito,</strong></span> <span class='ocrx_word' id='word_1_98' title='bbox 1575 2152 1639 2229; x_wconf 92' lang='lat' dir='ltr'><strong>ubi</strong></span> <span class='ocrx_word' id='word_1_99' title='bbox 1653 2153 1712 2227; x_wconf 81' lang='lat' dir='ltr'><strong>vir</strong></span> <span class='ocrx_word' id='word_1_100' title='bbox 1735 2176 1799 2229; x_wconf 89' lang='lat' dir='ltr'><strong>ve·</strong></span> 
     </span>
     <span class='ocr_line' id='line_1_15' title="bbox 525 2252 1795 2370; baseline 0 -37"><span class='ocrx_word' id='word_1_101' title='bbox 525 2254 700 2333; x_wconf 88' lang='lat' dir='ltr'><strong>nerabisis</strong></span> <span class='ocrx_word' id='word_1_102' title='bbox 725 2252 994 2333; x_wconf 88' lang='lat' dir='ltr'><strong>Gundelandus</strong></span> <span class='ocrx_word' id='word_1_103' title='bbox 1011 2257 1110 2333; x_wconf 83' lang='lat' dir='ltr'><strong>abba</strong></span> <span class='ocrx_word' id='word_1_104' title='bbox 1131 2256 1279 2357; x_wconf 78' lang='lat' dir='ltr'><strong>praeesse</strong></span> <span class='ocrx_word' id='word_1_105' title='bbox 1292 2256 1439 2333; x_wconf 73' lang='lat' dir='ltr'><strong>videtu</strong></span> <span class='ocrx_word' id='word_1_106' title='bbox 1452 2307 1463 2344; x_wconf 92' lang='lat'><strong>,</strong></span> <span class='ocrx_word' id='word_1_107' title='bbox 1477 2255 1741 2370; x_wconf 24' lang='lat' dir='ltr'><strong>‘donatumqpe</strong></span> <span class='ocrx_word' id='word_1_108' title='bbox 1754 2254 1795 2333; x_wconf 85' lang='lat' dir='ltr'><strong>in</strong></span> 
     </span>
     <span class='ocr_line' id='line_1_16' title="bbox 525 2348 1821 2567; baseline -0.007 -34"><span class='ocrx_word' id='word_1_109' title='bbox 525 2354 860 2556; x_wconf 49' lang='lat' dir='ltr'><strong>ffiffiffi</strong></span> <span class='ocrx_word' id='word_1_110' title='bbox 873 2356 1191 2548; x_wconf 51' lang='grc' dir='ltr'><strong>ᾞῙιῗὲαὴᾝὲἒ</strong></span> <span class='ocrx_word' id='word_1_111' title='bbox 1207 2348 1821 2567; x_wconf 44' lang='grc' dir='ltr'><strong>ἷῖωᾱιιῗιῖιῗιοιοῗεῗθξὲῒῆῗβῑὲ’</strong></span> 
     </span>
     <span class='ocr_line' id='line_1_17' title="bbox 525 2553 1796 2658; baseline -0.009 -24"><span class='ocrx_word' id='word_1_112' title='bbox 525 2572 679 2646; x_wconf 90' lang='lat' dir='ltr'><strong>monte,</strong></span> <span class='ocrx_word' id='word_1_113' title='bbox 706 2558 768 2657; x_wconf 93' lang='lat' dir='ltr'><strong>qui</strong></span> <span class='ocrx_word' id='word_1_114' title='bbox 777 2556 885 2655; x_wconf 83' lang='lat' dir='ltr'><strong>juxta</strong></span> <span class='ocrx_word' id='word_1_115' title='bbox 900 2558 1015 2658; x_wconf 85' lang='lat' dir='ltr'><strong>ipsam</strong></span> <span class='ocrx_word' id='word_1_116' title='bbox 1030 2560 1158 2635; x_wconf 87' lang='lat' dir='ltr'><strong>vilsam</strong></span> <span class='ocrx_word' id='word_1_117' title='bbox 1172 2557 1249 2643; x_wconf 90' lang='lat' dir='ltr'><strong>est,</strong></span> <span class='ocrx_word' id='word_1_118' title='bbox 1275 2555 1314 2633; x_wconf 75' lang='grc' dir='ltr'><strong>δι</strong></span> <span class='ocrx_word' id='word_1_119' title='bbox 1328 2554 1368 2630; x_wconf 94' lang='lat' dir='ltr'><strong>in</strong></span> <span class='ocrx_word' id='word_1_120' title='bbox 1389 2568 1492 2631; x_wconf 85' lang='lat' dir='ltr'><strong>curte</strong></span> <span class='ocrx_word' id='word_1_121' title='bbox 1507 2553 1586 2654; x_wconf 86' lang='lat' dir='ltr'><strong>ipsa</strong></span> <span class='ocrx_word' id='word_1_122' title='bbox 1599 2553 1715 2649; x_wconf 77' lang='lat' dir='ltr'><strong>aliam</strong></span> <span class='ocrx_word' id='word_1_123' title='bbox 1732 2604 1744 2640; x_wconf 88' lang='lat'><strong>,</strong></span> <span class='ocrx_word' id='word_1_124' title='bbox 1769 2572 1796 2625; x_wconf 84' lang='lat' dir='ltr'><strong>a</strong></span> 
     </span>
     <span class='ocr_line' id='line_1_18' title="bbox 525 2651 1798 2761; baseline -0.008 -25"><span class='ocrx_word' id='word_1_125' title='bbox 525 2660 584 2736; x_wconf 90' lang='lat' dir='ltr'><strong>die</strong></span> <span class='ocrx_word' id='word_1_126' title='bbox 598 2658 773 2761; x_wconf 77' lang='lat' dir='ltr'><strong>praesente</strong></span> <span class='ocrx_word' id='word_1_127' title='bbox 789 2660 894 2737; x_wconf 90' lang='lat' dir='ltr'><strong>trado</strong></span> <span class='ocrx_word' id='word_1_128' title='bbox 911 2674 1024 2759; x_wconf 87' lang='lat' dir='ltr'><strong>atque</strong></span> <span class='ocrx_word' id='word_1_129' title='bbox 1038 2658 1272 2745; x_wconf 85' lang='lat' dir='ltr'><strong>transfundo,</strong></span> <span class='ocrx_word' id='word_1_130' title='bbox 1287 2656 1350 2746; x_wconf 78' lang='lat' dir='ltr'><strong>ite,</strong></span> <span class='ocrx_word' id='word_1_131' title='bbox 1363 2670 1407 2733; x_wconf 92' lang='lat' dir='ltr'><strong>ut</strong></span> <span class='ocrx_word' id='word_1_132' title='bbox 1421 2655 1593 2754; x_wconf 84' lang='lat' dir='ltr'><strong>deinceps</strong></span> <span class='ocrx_word' id='word_1_133' title='bbox 1609 2655 1658 2729; x_wconf 88' lang='lat' dir='ltr'><strong>ad</strong></span> <span class='ocrx_word' id='word_1_134' title='bbox 1673 2651 1798 2751; x_wconf 88' lang='lat' dir='ltr'><strong>ipsum</strong></span> 
     </span>
     <span class='ocr_line' id='line_1_19' title="bbox 526 2744 1799 2857; baseline -0.006 -20"><span class='ocrx_word' id='word_1_135' title='bbox 526 2762 650 2839; x_wconf 91' lang='lat' dir='ltr'><strong>locum</strong></span> <span class='ocrx_word' id='word_1_136' title='bbox 665 2758 853 2851; x_wconf 76' lang='lat' dir='ltr'><strong>santium,</strong></span> <span class='ocrx_word' id='word_1_137' title='bbox 878 2764 940 2839; x_wconf 90' lang='lat' dir='ltr'><strong>vel</strong></span> <span class='ocrx_word' id='word_1_138' title='bbox 954 2762 1001 2839; x_wconf 85' lang='lat' dir='ltr'><strong>ad</strong></span> <span class='ocrx_word' id='word_1_139' title='bbox 1017 2774 1169 2857; x_wconf 86' lang='lat' dir='ltr'><strong>agentes</strong></span> <span class='ocrx_word' id='word_1_140' title='bbox 1194 2760 1207 2834; x_wconf 93' lang='lat' dir='ltr'><strong>i</strong></span> <span class='ocrx_word' id='word_1_141' title='bbox 1231 2758 1304 2835; x_wconf 81' lang='lat' dir='ltr'><strong>stus</strong></span> <span class='ocrx_word' id='word_1_142' title='bbox 1318 2756 1423 2833; x_wconf 87' lang='lat' dir='ltr'><strong>omni</strong></span> <span class='ocrx_word' id='word_1_143' title='bbox 1443 2744 1612 2855; x_wconf 68' lang='lat' dir='ltr'><strong>tempore</strong></span> <span class='ocrx_word' id='word_1_144' title='bbox 1631 2753 1799 2853; x_wconf 84' lang='lat' dir='ltr'><strong>proficiat</strong></span> 
     </span>
     <span class='ocr_line' id='line_1_20' title="bbox 525 2856 1799 2965; baseline -0.008 -27"><span class='ocrx_word' id='word_1_145' title='bbox 525 2863 565 2941; x_wconf 95' lang='lat' dir='ltr'><strong>in</strong></span> <span class='ocrx_word' id='word_1_146' title='bbox 579 2867 787 2963; x_wconf 84' lang='lat' dir='ltr'><strong>augmentis</strong></span> <span class='ocrx_word' id='word_1_147' title='bbox 803 2863 960 2965; x_wconf 87' lang='lat' dir='ltr'><strong>stipulat.</strong></span> <span class='ocrx_word' id='word_1_148' title='bbox 981 2862 1146 2939; x_wconf 76' lang='lat' dir='ltr'><strong>subnixa.</strong></span> <span class='ocrx_word' id='word_1_149' title='bbox 1238 2860 1339 2935; x_wconf 75' lang='lat' dir='ltr'><strong>tium</strong></span> <span class='ocrx_word' id='word_1_150' title='bbox 1351 2860 1393 2936; x_wconf 90' lang='lat' dir='ltr'><strong>in</strong></span> <span class='ocrx_word' id='word_1_151' title='bbox 1405 2857 1628 2933; x_wconf 83' lang='lat' dir='ltr'><strong>monasterio</strong></span> <span class='ocrx_word' id='word_1_152' title='bbox 1644 2856 1799 2930; x_wconf 66' lang='lat' dir='ltr'><strong>Lauro·</strong></span> 
     </span>
     <span class='ocr_line' id='line_1_21' title="bbox 362 2956 1800 3072; baseline -0.01 -23"><span class='ocrx_word' id='word_1_153' title='bbox 362 2968 498 3056; x_wconf 59' lang='lat' dir='ltr'><strong>idisti·</strong></span> <span class='ocrx_word' id='word_1_154' title='bbox 526 2966 625 3055; x_wconf 65' lang='lat' dir='ltr'><strong>barn,</strong></span> <span class='ocrx_word' id='word_1_155' title='bbox 652 2966 717 3044; x_wconf 87' lang='lat' dir='ltr'><strong>sub</strong></span> <span class='ocrx_word' id='word_1_156' title='bbox 730 2968 790 3043; x_wconf 89' lang='lat' dir='ltr'><strong>die</strong></span> <span class='ocrx_word' id='word_1_157' title='bbox 816 2966 850 3047; x_wconf 89' lang='lat' dir='ltr'>V</span> <span class='ocrx_word' id='word_1_158' title='bbox 874 2966 1057 3042; x_wconf 78' lang='lat' dir='ltr'><strong>kalendas</strong></span> <span class='ocrx_word' id='word_1_159' title='bbox 1081 2962 1194 3065; x_wconf 86' lang='lat' dir='ltr'><strong>Junii.</strong></span> <span class='ocrx_word' id='word_1_160' title='bbox 1228 2959 1387 3057; x_wconf 88' lang='lat' dir='ltr'><strong>Signum</strong></span> <span class='ocrx_word' id='word_1_161' title='bbox 1412 2956 1690 3045; x_wconf 73' lang='lat' dir='ltr'><strong>Theuffuindis,</strong></span> <span class='ocrx_word' id='word_1_162' title='bbox 1715 2978 1800 3072; x_wconf 79' lang='lat' dir='ltr'><strong>quae</strong></span> 
     </span>
     <span class='ocr_line' id='line_1_22' title="bbox 525 3058 1796 3158; baseline -0.012 -15"><span class='ocrx_word' id='word_1_163' title='bbox 525 3067 622 3143; x_wconf 84' lang='lat' dir='ltr'><strong>hanc</strong></span> <span class='ocrx_word' id='word_1_164' title='bbox 637 3068 875 3145; x_wconf 86' lang='lat' dir='ltr'><strong>donationem</strong></span> <span class='ocrx_word' id='word_1_165' title='bbox 890 3066 968 3142; x_wconf 86' lang='lat' dir='ltr'><strong>sieri</strong></span> <span class='ocrx_word' id='word_1_166' title='bbox 984 3066 1023 3143; x_wconf 89' lang='lat'>&amp;</span> <span class='ocrx_word' id='word_1_167' title='bbox 1037 3064 1180 3141; x_wconf 86' lang='lat' dir='ltr'><strong>firmari</strong></span> <span class='ocrx_word' id='word_1_168' title='bbox 1194 3061 1368 3158; x_wconf 86' lang='lat' dir='ltr'><strong>rogavit,</strong></span> <span class='ocrx_word' id='word_1_169' title='bbox 1395 3058 1538 3157; x_wconf 80' lang='lat' dir='ltr'><strong>signum</strong></span> <span class='ocrx_word' id='word_1_170' title='bbox 1562 3058 1796 3155; x_wconf 79' lang='lat' dir='ltr'><strong>Bernsmrdr,</strong></span> 
     </span>
     <span class='ocr_line' id='line_1_23' title="bbox 520 3154 1794 3269; baseline -0.013 -21"><span class='ocrx_word' id='word_1_171' title='bbox 520 3168 753 3261; x_wconf 86' lang='lat' dir='ltr'><strong>Salemonis,</strong></span> <span class='ocrx_word' id='word_1_172' title='bbox 777 3168 987 3269; x_wconf 86' lang='lat' dir='ltr'><strong>Regingeri.</strong></span> <span class='ocrx_word' id='word_1_173' title='bbox 1043 3165 1376 3265; x_wconf 85' lang='lat' dir='ltr'><strong>Ego-Rudolphus</strong></span> <span class='ocrx_word' id='word_1_174' title='bbox 1392 3158 1644 3261; x_wconf 82' lang='lat' dir='ltr'><strong>recognovi&amp;</strong></span> <span class='ocrx_word' id='word_1_175' title='bbox 1664 3154 1794 3257; x_wconf 79' lang='lat' dir='ltr'><strong>scripsi.</strong></span> 
     </span>
    </p>
   </div>
   <div class='ocr_carea' id='block_1_6' title="bbox 524 3306 1833 3734">
    <p class='ocr_par' dir='ltr' id='par_1_7' title="bbox 524 3306 1833 3734">
     <span class='ocr_line' id='line_1_24' title="bbox 1064 3306 1441 3459; baseline -0.019 0"><span class='ocrx_word' id='word_1_176' title='bbox 1064 3306 1351 3459; x_wconf 77' lang='lat' dir='ltr'><strong>cccxmn.</strong></span> <span class='ocrx_word' id='word_1_177' title='bbox 1431 3386 1441 3404; x_wconf 30' lang='grc' dir='ltr'>κ</span> 
     </span>
     <span class='ocr_line' id='line_1_25' title="bbox 524 3480 1833 3622; baseline -0.02 -25"><span class='ocrx_word' id='word_1_178' title='bbox 524 3501 705 3597; x_wconf 75' lang='lat' dir='ltr'><strong>Duratio</strong></span> <span class='ocrx_word' id='word_1_179' title='bbox 721 3506 892 3622; x_wconf 83' lang='lat' dir='ltr'><strong>Hejonis</strong></span> <span class='ocrx_word' id='word_1_180' title='bbox 921 3500 963 3594; x_wconf 79' lang='lat' dir='ltr'><strong>in</strong></span> <span class='ocrx_word' id='word_1_181' title='bbox 981 3500 1111 3591; x_wconf 80' lang='lat' dir='ltr'><strong>ecdem</strong></span> <span class='ocrx_word' id='word_1_182' title='bbox 1138 3500 1233 3589; x_wconf 78' lang='lat' dir='ltr'><strong>eiua</strong></span> <span class='ocrx_word' id='word_1_183' title='bbox 1250 3525 1355 3586; x_wconf 82' lang='lat' dir='ltr'><strong>anuo</strong></span> <span class='ocrx_word' id='word_1_184' title='bbox 1371 3492 1501 3589; x_wconf 84' lang='lat' dir='ltr'><em>XIII</em></span> <span class='ocrx_word' id='word_1_185' title='bbox 1517 3521 1561 3579; x_wconf 83' lang='lat' dir='ltr'><strong>rc</strong></span> <span class='ocrx_word' id='word_1_186' title='bbox 1618 3480 1833 3581; x_wconf 67' lang='lat' dir='ltr'><strong>idonius,</strong></span> 
     </span>
     <span class='ocr_line' id='line_1_26' title="bbox 647 3607 1680 3734; baseline -0.018 -27"><span class='ocrx_word' id='word_1_187' title='bbox 647 3622 768 3734; x_wconf 80' lang='lat' dir='ltr'><strong>nostri</strong></span> <span class='ocrx_word' id='word_1_188' title='bbox 782 3614 932 3713; x_wconf 78' lang='lat' dir='ltr'><strong>Karou·</strong></span> <span class='ocrx_word' id='word_1_189' title='bbox 957 3613 1095 3729; x_wconf 83' lang='lat' dir='ltr'><strong>magni</strong></span> <span class='ocrx_word' id='word_1_190' title='bbox 1122 3608 1263 3725; x_wconf 79' lang='lat' dir='ltr'><strong>regis,</strong></span> <span class='ocrx_word' id='word_1_191' title='bbox 1290 3607 1553 3701; x_wconf 80' lang='lat' dir='ltr'><strong>Helmericoa</strong></span> <span class='ocrx_word' id='word_1_192' title='bbox 1577 3607 1680 3693; x_wconf 82' lang='lat' dir='ltr'><strong>bote.</strong></span> 
     </span>
    </p>
   </div>
   <div class='ocr_carea' id='block_1_7' title="bbox 525 3766 1805 3975">
    <p class='ocr_par' dir='ltr' id='par_1_8' title="bbox 525 3766 1805 3975">
     <span class='ocr_line' id='line_1_27' title="bbox 525 3766 1805 3926; baseline -0.02 -63"><span class='ocrx_word' id='word_1_193' title='bbox 525 3796 577 3926; x_wconf 79' lang='lat' dir='ltr'><strong>In</strong></span> <span class='ocrx_word' id='word_1_194' title='bbox 590 3785 723 3864; x_wconf 85' lang='lat' dir='ltr'><strong>Christi</strong></span> <span class='ocrx_word' id='word_1_195' title='bbox 737 3786 886 3862; x_wconf 88' lang='lat' dir='ltr'><strong>nomine</strong></span> <span class='ocrx_word' id='word_1_196' title='bbox 899 3797 971 3880; x_wconf 71' lang='lat' dir='ltr'><strong>&#39;ego</strong></span> <span class='ocrx_word' id='word_1_197' title='bbox 996 3777 1094 3877; x_wconf 89' lang='lat' dir='ltr'><strong>Hejo</strong></span> <span class='ocrx_word' id='word_1_198' title='bbox 1109 3800 1176 3897; x_wconf 78' lang='lat' dir='ltr'><strong>pro</strong></span> <span class='ocrx_word' id='word_1_199' title='bbox 1195 3775 1358 3853; x_wconf 88' lang='lat' dir='ltr'><strong>remedio</strong></span> <span class='ocrx_word' id='word_1_200' title='bbox 1379 3766 1518 3852; x_wconf 74' lang='lat' dir='ltr'><strong>animae</strong></span> <span class='ocrx_word' id='word_1_201' title='bbox 1537 3766 1712 3889; x_wconf 34' lang='lat' dir='ltr'><strong>meae-seu</strong></span> <span class='ocrx_word' id='word_1_202' title='bbox 1735 3781 1805 3882; x_wconf 82' lang='lat' dir='ltr'><strong>pro</strong></span> 
     </span>
     <span class='ocr_line' id='line_1_28' title="bbox 577 3876 1805 3975; baseline -0.024 -7"><span class='ocrx_word' id='word_1_203' title='bbox 577 3904 716 3969; x_wconf 83' lang='lat' dir='ltr'><strong>aeterna</strong></span> <span class='ocrx_word' id='word_1_204' title='bbox 739 3888 1004 3972; x_wconf 85' lang='lat' dir='ltr'><strong>retributione,</strong></span> <span class='ocrx_word' id='word_1_205' title='bbox 1031 3896 1075 3958; x_wconf 93' lang='lat' dir='ltr'><strong>ut</strong></span> <span class='ocrx_word' id='word_1_206' title='bbox 1093 3902 1243 3957; x_wconf 76' lang='lat' dir='ltr'><strong>remam</strong></span> <span class='ocrx_word' id='word_1_207' title='bbox 1267 3898 1411 3953; x_wconf 87' lang='lat' dir='ltr'><strong>merear</strong></span> <span class='ocrx_word' id='word_1_208' title='bbox 1430 3876 1477 3951; x_wconf 89' lang='lat' dir='ltr'><strong>de</strong></span> <span class='ocrx_word' id='word_1_209' title='bbox 1502 3886 1667 3975; x_wconf 75' lang='lat' dir='ltr'><strong>peccatis</strong></span> <span class='ocrx_word' id='word_1_210' title='bbox 1688 3888 1805 3951; x_wconf 80' lang='lat' dir='ltr'><strong>meis,</strong></span> 
     </span>
    </p>
   </div>
   <div class='ocr_carea' id='block_1_8' title="bbox 528 3976 1807 4149">
    <p class='ocr_par' dir='ltr' id='par_1_9' title="bbox 528 3976 1807 4149">
     <span class='ocr_line' id='line_1_29' title="bbox 528 3976 1807 4149; baseline -0.023 -79"><span class='ocrx_word' id='word_1_211' title='bbox 528 4012 593 4088; x_wconf 85' lang='lat' dir='ltr'><strong>per</strong></span> <span class='ocrx_word' id='word_1_212' title='bbox 607 3990 704 4071; x_wconf 82' lang='lat' dir='ltr'><strong>hanc</strong></span> <span class='ocrx_word' id='word_1_213' title='bbox 720 3990 903 4070; x_wconf 85' lang='lat' dir='ltr'><strong>cartulam</strong></span> <span class='ocrx_word' id='word_1_214' title='bbox 916 3983 1127 4065; x_wconf 82' lang='lat' dir='ltr'><strong>traditionis</strong></span> <span class='ocrx_word' id='word_1_215' title='bbox 1152 3983 1251 4060; x_wconf 87' lang='lat' dir='ltr'><strong>dono</strong></span> <span class='ocrx_word' id='word_1_216' title='bbox 1265 3980 1314 4059; x_wconf 82' lang='lat' dir='ltr'><strong>ad</strong></span> <span class='ocrx_word' id='word_1_217' title='bbox 1326 3978 1488 4056; x_wconf 78' lang='lat' dir='ltr'><strong>santium</strong></span> <span class='ocrx_word' id='word_1_218' title='bbox 1512 3976 1586 4054; x_wconf 91' lang='lat' dir='ltr'><strong>Dei</strong></span> <span class='ocrx_word' id='word_1_219' title='bbox 1599 3982 1807 4149; x_wconf 51' lang='lat' dir='ltr'>mrffifm</span> 
     </span>
    </p>
   </div>
   <div class='ocr_carea' id='block_1_9' title="bbox 0 0 2020 5417">
    <p class='ocr_par' dir='ltr' id='par_1_10' title="bbox 0 0 2020 5417">
     <span class='ocr_line' id='line_1_30' title="bbox 0 0 2020 5417; baseline 0 0"><span class='ocrx_word' id='word_1_220' title='bbox 0 0 2020 5417; x_wconf 95' lang='lat' dir='ltr'><strong> </strong></span> 
     </span>
    </p>
   </div>
  </div>
 </body>
</html>
