4000 5417
1033 380 1389 463 Tnnnmonns
1427 453 1431 471 ,
1533 362 1537 380 ’

1010 682 1380 804 DCCLXXXVI.
1498 736 1501 744 Α

838 818 1020 915 Duratio
1047 813 1272 909 Landlaldi
1298 812 1352 911 δ’
1380 808 1584 905 Erlinrdi.

579 984 716 1125 Anno
727 987 815 1067 Vlll
827 988 932 1085 regni
943 986 1083 1063 domini
1108 982 1299 1061 Ludewici
1313 982 1567 1081 imperatoris,
1599 1004 1685 1059 nos
1702 984 1870 1081 Lantbal-

667 1091 737 1165 dus
751 1088 791 1167 &
817 1090 1006 1166 Erhardus
1021 1088 1204 1163 donamus
1218 1085 1268 1159 ad
1283 1084 1442 1160 faustum
1468 1081 1539 1159 Dei
1554 1100 1792 1184 martyrem
1807 1090 1870 1163 Na·

581 1191 729 1265 narium
750 1191 821 1269 &a
847 1191 1041 1267 dimidium
1068 1187 1238 1265 manium
1254 1188 1294 1261 in
1318 1184 1584 1289 nuncupat,
1616 1187 1664 1264 &
1685 1188 1735 1287 jjj
1756 1188 1868 1287 jurna-

582 1294 663 1381 les,
689 1316 781 1391 quos
796 1294 901 1369 nobis
914 1292 1067 1369 tradidit
1092 1290 1253 1367 Emichn
1268 1311 1382 1365 manu
1397 1287 1632 1387 potestativa
1651 1346 1665 1379 ,
1695 1308 1747 1369 nt
1759 1316 1820 1393 pm
1833 1316 1868 1366 eo

581 1397 811 1472 traderemus
842 1395 891 1471 ad
899 1392 980 1491 jam
1004 1395 1139 1471 diuum
1155 1394 1294 1477 locum,
1321 1403 1365 1465 ut
1377 1390 1411 1467 ei
1425 1387 1632 1489 proficiant
1648 1396 1761 1470 omni
1786 1412 1867 1471 tem·

581 1520 670 1595 pore
686 1498 723 1571 in
736 1512 980 1592 augmentum
995 1492 1223 1595 stipulatione
1240 1490 1406 1581 subnixa.
1434 1490 1579 1569 Acium
1598 1494 1645 1571 in
1661 1498 1754 1572 villa
1764 1498 1866 1570 Blan·

396 1620 448 1668 10.
461 1601 534 1689 ffi'l
582 1598 725 1698 cunstat
739 1599 793 1677 Vl
808 1598 892 1673 idus
908 1596 1008 1695 Maji.
1035 1596 1192 1692 Signum
1207 1594 1405 1669 Lantbaldi
1419 1592 1458 1670 &
1475 1594 1676 1687 Erhardi,
1703 1599 1766 1697 qui
1774 1598 1863 1672 lianc
1885 1648 1891 1663 .

582 1700 820 1785 donationem
841 1700 931 1777 fecit
943 1754 955 1791 ,
980 1698 1123 1797 signum
1137 1696 1381 1784 Theotbaldi,
1407 1693 1635 1777 Adalhardi
1647 1754 1660 1791 ,
1692 1700 1860 1798 Egisheri

579 1802 722 1901 Rihger
746 1802 893 1903 scripsit.
1155 1852 1157 1859 ‹

863 1908 870 1919 ’
1009 1896 1398 2015 DCCLXXXVII.

995 2032 1176 2125 Donalio
1204 2028 1448 2155 Lantlalda

582 2212 686 2341 Item
708 2202 894 2279 Lantbald
908 2200 1070 2297 ‚tradidit
1102 2198 1220 2276 sanilo
1246 2198 1407 2273 Nazario
1429 2194 1483 2293 vjj
1514 2196 1658 2297 jurnal.
1696 2203 1741 2278 de
1772 2215 1860 2277 terra

518 2304 554 2387 ’,
633 2306 797 2391 araturia
810 2320 986 2400 regnante
1012 2303 1160 2377 domino
1183 2298 1302 2375 nostro
1328 2300 1467 2377 Karolo
1492 2326 1599 2380 anno
1626 2304 1742 2392 XLll,
1762 2303 1859 2383 Vllll

397 2404 554 2489 “illm-
581 2406 761 2487 kalendas
775 2406 894 2505 April.
945 2404 1151 2482 Altuuinus
1173 2400 1302 2501 scripsi.
1344 2410 1373 2461 ὕ

1020 2600 1429 2711 DCCLXXXVIII.

988 2731 1171 2825 Duratio
1200 2728 1471 2855 Emichoniss

552 2973 555 2979 .
586 2909 687 3045 Ego
700 2900 739 2976 in
764 2898 832 2979 Dei
850 2898 999 2975 nomine
1023 2899 1183 2977 Emicho
1204 2900 1301 2977 dono
1324 2925 1388 3001 pro
1414 2902 1592 2978 remedio
1618 2900 1753 2979 animae
1773 2920 1860 2975 mea

664 3002 903 3101 &genitricis
929 3026 1024 3081 meae
1051 3004 1213 3079 Oddanae
1229 3002 1461 3085 adlanilum
1492 3006 1711 3081 Nazarium
1733 3017 1860 3096 marty-

587 3128 664 3181 rem
674 3105 744 3181 &c.
767 3105 902 3202 jurnal.
921 3131 946 3180 x
973 3107 1019 3181 de
1035 3118 1132 3181 terra
1154 3105 1283 3179 arabili
1307 3106 1345 3179 in
1370 3105 1626 3209 Bluackenstar
1642 3107 1751 3195 sitne,
1776 3105 1858 3179 adie

587 3206 757 3309 praelenti
771 3209 809 3282 in
836 3208 904 3282 Dei
924 3207 1073 3283 nomine
1094 3206 1353 3307 perpetualiter
1373 3204 1613 3305 pollidendns
1640 3208 1861 3311 stipulatione

429 3342 460 3390 r.
474 3320 552 3407 Ape
588 3308 752 3391 subnixa.
808 3306 942 3385 Alium
959 3310 995 3383 in
1017 3308 1234 3401 monasterio
1259 3308 1476 3383 rauranum
1501 3312 1703 3389 kalendas
1728 3308 1859 3409 Aprilis,

589 3437 685 3494 anno
717 3412 820 3487 XLll
847 3411 948 3508 regni
972 3410 1112 3496 domini
1147 3409 1256 3487 nostri
1281 3410 1404 3486 Karoli
1441 3414 1596 3507 gloriosi
1626 3408 1860 3516 imperatorie

485 3582 489 3591 ,
589 3506 742 3609 Signum
758 3513 977 3607 Ekkihardi,
993 3512 1189 3611 WolfoniS,
1218 3512 1448 3609 Reginbaldi,
1462 3516 1678 3609 Ratuuiui‚
1692 3510 1863 3603 Waldolfi.

463 3633 473 3644 “
586 3602 858 3728 Thaganlmrdi.
909 3613 1101 3705 Altwinus
1117 3612 1261 3714 scripsit.
1408 3638 1411 3643 ·
