4000 5417
512 472 562 542 oo
875 450 1408 554 ,cananaeorum

510 770 711 939 Summa
729 762 953 876 precariae,
982 784 1112 871 quam
1137 756 1250 843 idem
1271 756 1428 845 Comes
1447 759 1516 851 W.
1535 788 1562 845 a
1584 721 1794 918 Samuele

597 879 664 991 epi
682 902 788 989 copo
809 871 854 961 ἃ
871 872 1021 959 abbate
1037 874 1216 986 accepit,
1246 868 1342 957 talis
1358 872 1441 958 est:

517 1230 522 1248 ¹
725 1238 730 1245 '
814 1215 1019 1331 Prasioria
1053 1214 1291 1309 Werinlzeri
1314 1214 1482 1305 comitis.

420 1420 435 1441 ,
567 1389 708 1469 stitioni
723 1400 818 1475 mae,
846 1386 976 1463 santi-ae
997 1382 1066 1458 Dei
1081 1380 1243 1461 ecclefiae
1256 1383 1384 1459 dilecte
1399 1382 1471 1461 fili!
1498 1387 1709 1464 venerande
1722 1412 1785 1464 co·

594 1515 681 1569 ntes
691 1492 980 1574 warunnam,
994 1509 1082 1561 cum
1095 1486 1264 1560 unanimi
1278 1484 1438 1560 fratrum
1453 1486 1657 1563 nostrorum
1674 1492 1784 1568 bene·

515 1594 681 1671 volentia
695 1593 848 1668 libenter
863 1590 1080 1676 annuimus,
1104 1587 1218 1664 &res
1234 1611 1258 1663 a
1272 1601 1309 1663 te
1331 1588 1436 1663 nobis
1453 1590 1627 1679 traditas,
1652 1592 1690 1667 dt
1703 1616 1782 1682 eas,

516 1718 612 1795 quas
639 1694 899 1791 Engilhelmus
932 1690 970 1768 &
992 1690 1107 1765 Moda
1127 1690 1383 1779 tradiderunt,
1407 1714 1578 1789 quasque
1595 1692 1633 1766 in
1653 1715 1783 1790 preca·
1897 1782 1902 1789 ,

518 1800 614 1874 riam
628 1807 861 1895 receperunt,
877 1792 923 1870 ad
939 1793 1020 1867 dies
1035 1792 1125 1868 vitae
1140 1804 1216 1868 tuae
1231 1793 1356 1890 quiete
1369 1792 1595 1892 polidendas
1607 1816 1671 1892 per
1684 1795 1784 1872 hanc

517 1898 730 1999 prestariam
755 1897 822 1973 tibi
847 1896 1111 1982 concedimus,
1136 1908 1322 1991 quatenus
1347 1896 1483 1971 exinde
1508 1894 1658 1992 singulis
1677 1900 1785 1973 annis

518 2002 559 2076 in
576 2001 686 2076 censu
701 1998 857 2075 solidum
887 2021 903 2071 1
923 1996 961 2071 in
981 1994 1071 2071 festo
1096 1996 1153 2071 Sti
1170 1997 1322 2073 Nazarii
1335 1996 1382 2073 ob
1408 1999 1699 2074 recordationem
1716 1998 1785 2076 sol-

516 2126 605 2192 vas,
630 2102 668 2179 &
684 2099 759 2201 post
776 2100 918 2175 obitum
929 2110 1043 2175 tuum
1056 2098 1143 2197 ipsae
1165 2122 1224 2173 res
1245 2122 1312 2197 per
1326 2112 1363 2174 te
1385 2099 1556 2191 audac&
1579 2102 1785 2179 melioratae

519 2205 660 2303 absque
680 2204 783 2279 omni
802 2199 1019 2301 praejudicio
1032 2201 1081 2275 ad
1107 2200 1214 2277 saud.
1242 2200 1445 2278 Nazarium
1459 2217 1708 2284 revertantur.

553 2404 609 2493 ste
637 2398 926 2518 Engilhelmus
950 2401 996 2489 dt
1024 2401 1155 2491 Modo
1181 2433 1294 2491 uxor
1313 2404 1431 2516 ejus,
1470 2430 1567 2489 cum
1584 2398 1709 2489 ellent
1736 2403 1785 2492 bt

580 2544 730 2630 genere
759 2509 1020 2631 spedabiles,
1049 2514 1095 2602 bt
1118 2518 1161 2600 in
1181 2520 1358 2603 terrenis
1380 2514 1644 2603 facultatibus
1660 2513 1785 2605 valde

519 2626 779 2744 locupletes,
808 2628 978 2730 omnia,
1009 2655 1106 2827 (puae
1129 2627 1384 2726 habuerunt,
1415 2654 1593 2747 excepta
1608 2660 1692 2718 una
1716 2660 1787 2717 an·

521 2738 633 2843 cilla,
663 2735 800 2828 lando
819 2738 1005 2827 Nazario
1049 2744 1276 2829 evotilirme
1295 2742 1574 2848 tradiderunt,
1604 2773 1787 2859 quorum

471 2933 478 2943 ,
520 2873 662 2953 tamen
680 2852 948 2940 donationem
964 2854 1152 2941 nondum
1168 2885 1214 2943 re
1267 2860 1421 2960 rimus,
1449 2879 1577 2972 atque
1597 2879 1686 2945 tam
1701 2858 1785 2973 ipsi,

548 2994 648 3054 uam
675 2966 876 3082 praefatus
891 2995 1035 3055 comes
1063 2965 1205 3061 Werin
1233 2972 1366 3075 erius,
1394 2974 1438 3057 in
1467 2968 1660 3077 ecclesia,
1688 2999 1787 3083 quae

519 2994 673 3167 aititur
687 3077 814 3173 Varia
831 3140 843 3182 ,
872 3076 1021 3196 sepulti
1037 3075 1142 3167 sunt.

311 3222 509 3294 opedpoeh,
633 3194 826 3281 Totis*
853 3194 1001 3390 Igsitur,
1032 3194 1187 3281 &tam
1211 3196 1437 3311 magnificis
1454 3222 1498 3280 re
1618 3192 1782 3280 donati·

520 3309 698 3409 onibus,
727 3328 853 3419 atque
895 3304 1063 3392 rdelium
1091 3307 1175 3394 Dei
1194 3307 1453 3397 multimodis
1480 3338 1507 3392 o
1549 3308 1786 3411 ationibus,

519 3448 617 3506 cum
640 3421 727 3530 jam
752 3413 1106 3507 Laureshamense
1129 3423 1423 3510 monasterium
1447 3448 1573 3536 quam
1596 3421 1784 3505 maxime

520 3531 785 3635 dilataretur,
813 3532 858 3619 be
875 3560 950 3647 per
968 3535 1116 3619 omnes
1134 3533 1221 3617 fere
1242 3536 1466 3623 Teutonici
1485 3538 1600 3649 regni
1646 3535 1786 3619 rovin-

521 3648 606 3731 'cias
626 3644 796 3760 copiolis
824 3644 991 3761 sparfim'
1008 3646 1237 3735 abundaret
1253 3648 1585 3764 pollellionibuS,
1612 3562 1785 3737 gamuel

520 3754 734 3891 episcopus
752 3760 797 3847 δι
826 3761 953 3847 abbas
971 3789 996 3845 a
1012 3764 1126 3875 regia
1141 3762 1383 3877 impetravit
1400 3758 1668 3863 audoritate,
1686 3788 1787 3874 qua-

517 3891 631 3959 tmus
662 3872 734 3961 fibi
769 3868 934 4069 suispue
971 3866 1260 3960 succelloribus
1287 3874 1430 3961 liceret
1456 3901 1535 3988 pro
1574 3872 1786 3992 oportuni·

517 4002 603 4071 tate
623 3984 858 4075 monasterii
888 3984 1105 4097 egitimam
1123 3986 1381 4101 praediorum
1406 3990 1787 4076 commutationem

1585 4124 1726 4212 ‘luam‘
