4000 5417
523 476 627 554 Suc.
653 473 708 554 XI
734 475 973 554 Hnunrco
999 477 1052 560 IV
1077 497 1218 560 unes.
1348 449 1351 454 Ι

229 697 762 722 -ιιι--ι-ΙΙ-ι-

781 780 1034 873 ΟΧΧΧΙΙΙ.

226 914 410 1013 Heinrici
427 913 519 1028 (V)
531 908 785 1041 imperatoris
802 913 848 998 de
863 914 1106 1024 restitutione
1125 916 1291 1032 duorum
1308 914 1500 1006 hobarum
1565 898 1571 910 ⁵

597 1025 639 1111 in
659 1025 861 1137 Bebtugm
878 1027 1000 1114 eidem·
1025 1029 1121 1117 loco.

251 1225 276 1274 n
290 1195 439 1272 nomine
456 1193 586 1280 sanstae
612 1189 869 1268 &individuae
895 1193 1097 1274 Trinitatis.
1151 1194 1351 1274 Heinricus
1371 1194 1500 1276 divin'a

153 1317 165 1326 ‘
275 1299 423 1375 favente
438 1295 637 1372 clementia
662 1294 916 1372 Romanorum
929 1297 1125 1398 imperator
1148 1297 1333 1396 augustus.
1375 1299 1500 1378 Nove·

224 1402 274 1478 rit
287 1401 454 1476 omnium
469 1398 633 1473 fidelium
652 1395 875 1486 nostrorum,
896 1399 1133 1498 praesentium
1150 1402 1288 1479 scilicet
1302 1401 1340 1480 dc
1354 1401 1498 1479 futuro·

182 1571 185 1576 .
224 1525 309 1578 rum
323 1495 561 1592 ‚''industria,
588 1497 748 1598 qualiter
767 1521 835 1574 nos
861 1504 1092 1599 quorundam
1112 1503 1279 1579 fidelium
1292 1502 1498 1582 nostrorum

224 1604 378 1680 concilio
404 1602 627 1690 Burkardo,
653 1601 862 1677 venerando
896 1603 1019 1680 abbati
1045 1606 1091 1682 de
1115 1605 1346 1704 Erphe'sfort,
1373 1610 1498 1684 locum

218 1708 504 1808 memoraſset,
530 1704 695 1783 vicinum
709 1703 1014 1784 laureshamensi
1029 1705 1272 1796 monasterio,
1297 1708 1497 1791 nostraim·

222 1809 351 1908 periali
366 1831 480 1882 manu
496 1804 700 1902 regendum
713 1804 975 1882 commisimus.
1030 1808 1102 1895 Qui
1124 1820 1212 1885 vero
1235 1820 1318 1883 tum
1332 1833 1399 1908 pro
1430 1836 1498 1887 no·
1601 1805 1606 1817 ’

222 1909 294 1986 stra
309 1911 498 2008 petitione,
525 1923 608 1984 tum
625 1929 691 2006 pro
706 1907 868 1982 remedio
893 1910 1031 1986 animae
1053 1907 1128 1985 suae
1150 1907 1350 2008 praefatum
1371 1911 1497 1987 locum

223 2009 615 2108 benignesuscipiens,
642 2010 743 2085 omni
766 2008 909 2098 studio,
934 2010 1109 2107 omnique
1131 2009 1323 2106 diligentia
1342 2009 1498 2110 dispersa

224 2110 448 2208 colligere&
463 2125 687 2207 congregata
700 2111 936 2200 conservare,
962 2127 1072 2211 prout
1093 2111 1232 2211 potuit,
1260 2112 1414 2188 viriliter
1438 2115 1492 2204 in«
1581 2187 1587 2192 .

212 2213 406 2307 ,vigilavit
460 2211 585 2307 Hujus
601 2213 716 2288 etiam
732 2213 943 2290 interventu
957 2228 1069 2312 atque
1094 2214 1271 2312 petitione
1283 2214 1377 2290 duos
1392 2237 1497 2292 man·

219 2311 278 2387 sus
294 2315 333 2387 in
357 2311 549 2409 Bebingen,
575 2336 824 2404 arncnmuo,
845 2337 1003 2390 corinun
1030 2316 1275 2390 Goonrumo
1300 2319 1497 2414 praenonri·
1544 2321 1550 2332 '

220 2427 307 2490 nato
322 2412 540 2490 monasterio
557 2435 601 2489 ac
627 2414 804 2491 fratribus
821 2417 958 2491 ibidem
984 2416 1064 2492 Deo
1078 2416 1345 2492 famulantibus
1366 2415 1498 2515 injuste

217 2515 437 2616 usurpatos,
464 2513 583 2591 nostra
609 2515 792 2617 imperiali
818 2517 1033 2593 auttoritate
1065 2516 1205 2594 restitui
1227 2520 1497 2619 praecepimus,

217 2619 416 2716 praesertim
433 2673 443 2707 ,
470 2620 558 2714 quia
574 2619 612 2694 in
627 2619 698 2694 hoc
715 2620 862 2694 caeteris
888 2619 1164 2718 praeminemus,
1178 2632 1223 2696 ut
1243 2616 1422 2717 justitiam
1437 2621 1494 2700 fa·

219 2719 361 2795 ciamus
377 2719 547 2795 omnibus
563 2719 739 2817 ¹injuriam
752 2721 992 2820 patientibus.
1048 2721 1293 2819 Nuncitaque
1305 2723 1426 2799 nostra
1440 2747 1498 2801 re·

215 2822 293 2916 gali
311 2822 460 2895 censura
485 2822 636 2896 omnino
659 2824 941 2910 interdicimus,
967 2837 1013 2899 ut
1035 2825 1162 2900 nullus
1182 2823 1326 2914 abbas,
1350 2827 1412 2902 vel
1422 2828 1498 2922 ali·

217 2943 296 3016 qua
314 2919 387 2993 alia
401 2920 569 3014 persona,
596 2923 634 2995 in
656 2923 718 2994 his
741 2924 876 2999 scilicet
898 2925 1032 3012 bonis,
1058 2925 1120 3001 seu
1142 2927 1181 3000 in
1203 2928 1348 3003 caeteris
1373 2929 1496 3004 eidem

218 3019 381 3097 ecclesiae
408 3041 430 3092 a
450 3017 619 3092 fidelibus
645 3021 769 3094 divino
793 3022 958 3099 instinctu
983 3027 1096 3101 modo
1115 3027 1288 3116 collatis,
1314 3031 1375 3105 vel
1400 3029 1496 3129 post-

217 3123 375 3199 modum
389 3120 429 3195 in
445 3119 483 3195 id
501 3117 618 3217 ipsum
643 3119 887 3213 conferendis,
897 3127 976 3200 ullo
993 3130 1104 3204 modo
1118 3129 1261 3218 auferre
1274 3128 1313 3207 dt
1327 3131 1377 3206 ad
1390 3132 1495 3208 suam
1532 3176 1535 3182 ·

216 3225 418 3302 utilitatem
433 3223 623 3310 conferre,
648 3223 709 3298 vel
725 3221 837 3301 alicui
852 3227 963 3302 militi
988 3229 1028 3304 in
1051 3230 1269 3310 beneficium
1288 3235 1377 3308 dare
1400 3257 1494 3332 prae·
1554 3249 1557 3252 ’

217 3327 350 3403 sumat.
403 3324 444 3406 Si
462 3337 613 3411 autem,
640 3325 739 3420 quod
754 3324 863 3417 abiu,
890 3328 1000 3408 nostri
1016 3335 1190 3431 praecepti
1214 3333 1495 3431 transgrellores
1619 3413 1624 3420 ,

214 3428 438 3516 exstiterint,
464 3426 534 3501 Dei
551 3425 830 3524 omnipotentis,
858 3430 1039 3528 innitique
1056 3435 1156 3510 Petri
1176 3433 1351 3512 offensam
1372 3437 1495 3510 iucur-

214 3547 326 3620 rant,
352 3530 392 3608 ἃ
407 3528 487 3604 auri
504 3527 636 3626 optimi
651 3527 681 3605 C
696 3527 809 3603 libras
825 3529 874 3603 ad
898 3553 1088 3610 cameram
1104 3533 1262 3610 nostram
1276 3536 1494 3634 persolvant.

215 3631 344 3727 Hujus
369 3632 423 3707 rei
445 3627 553 3705 testes
574 3629 656 3706 sunt
681 3630 952 3707 Goonnnrous
979 3635 1021 3705 de
1041 3633 1272 3729 Nurinbtrg,
1299 3637 1495 3712 Cunradus

215 3734 351 3830 sporo,
367 3731 574 3827 sigefridus
587 3733 632 3808 de
648 3731 882 3820 Recitabat-c,
901 3733 1108 3855 Conradus,
1122 3735 1360 3824 Wernherus,
1379 3738 1496 3818 Hein-

214 3835 317 3909 ricus
331 3835 377 3908 de
406 3835 545 3908 Trivels.
599 3836 650 3911 Et
666 3849 710 3912 ut
724 3835 806 3912 haec
821 3833 931 3911 nostri
947 3835 1065 3912 banni*
1081 3836 1279 3912 unitoritas
1295 3837 1434 3914 stabilis
1447 3841 1495 3934 .&

214 3935 434 4012 inconvulsa
466 3937 567 4010 omni
589 3949 807 4036 permaneat
832 3951 1026 4039 tempore,
1051 3951 1280 4040 praeceptum
1303 3941 1376 4017 hoo
1410 3941 1496 4018 inde

217 4038 462 4136 conscriptum
477 4059 592 4114 manu
608 4041 753 4144 propria
768 4041 1047 4121 corroborantes
1072 4040 1182 4144 sigilli
1200 4039 1311 4123 nostri
1320 4043 1495 4143 imprelii·
1537 4116 1539 4119 ,

216 4162 288 4218 one
303 4140 463 4238 insigniri
473 4137 650 4240 julumuu
867 4143 993 4242 ΒΜ
1330 4145 1439 4228 Tem·
