4000 5417
391 394 500 479 Suc.
526 388 589 470 IX
613 389 868 469 Lonovrco
895 407 1053 469 nanu.
1080 413 1229 477 anns.
1414 416 1464 498 55

193 751 410 830 clarissimus
441 760 586 847 martyr
605 771 753 849 corpore
768 749 918 849 quiescit
942 748 1148 839 humatus,
1173 748 1235 824 cui
1256 748 1374 824 etiarn
1400 772 1466 825 au·

193 858 290 931 tiore
317 855 397 928 Deo
422 850 591 951 praesenti
616 865 779 951 ternpore
794 851 1020 929 venerabilis
1044 851 1103 927 vir
1127 849 1353 947 Adalungns
1369 852 1465 928 abba

193 954 343 1055 praeesse
368 954 537 1041 videtur,
562 952 680 1043 idest,
706 951 1094 1051 villamjurisnostri,
1119 975 1206 1051 quae
1230 970 1465 1053 nuncupatur

194 1059 413 1152 Langungon
421 1108 432 1143 ,
448 1054 554 1131 fitam
569 1055 607 1129 in
621 1056 847 1154 eodempago
863 1052 1033 1156 Restaj‘c,
1058 1078 1146 1129 cum
1160 1054 1312 1130 ecclesia
1324 1056 1463 1132 ibidem

195 1158 412 1244 construite,
438 1155 477 1233 δι
500 1179 587 1231 cum
613 1158 765 1255 reliquis
786 1158 976 1247 aedificiis,
1003 1155 1113 1247 casis,
1138 1158 1331 1246 domibus,
1357 1182 1464 1235 man·

196 1260 300 1357 cipiis
322 1260 516 1355 utriusque
532 1257 666 1346 sexus,
702 1260 810 1334 terris
835 1262 947 1337 cultis
973 1258 1012 1337 dt
1028 1259 1201 1346 incffltis,
1226 1260 1363 1359 pratiS,
1390 1260 1464 1357 syl·

193 1363 272 1450 vis,
297 1360 453 1460 pascuis,
469 1361 596 1456 aquis,
624 1382 853 1456 aquarumve
867 1360 1102 1450 decrufibus‚
1128 1359 1365 1457 adjacentiis,
1381 1385 1464 1461 per-

194 1463 284 1551 viis,
299 1464 463 1539 exitibus
479 1462 517 1539 &
530 1462 763 1559 regressibus,
777 1463 972 1561 quaesitum
986 1462 1025 1540 ἃ
1045 1462 1327 1561 adquirendum,
1341 1488 1462 1562 quan·

194 1578 423 1664 cumcunque
450 1566 498 1640 ad
521 1564 736 1664 praeditiam
762 1567 892 1642 villam
915 1565 1083 1667 praesenti
1108 1580 1272 1665 tempore
1296 1568 1462 1667 aspicere

193 1667 366 1755 videtur,
391 1660 554 1752 &nostri
567 1664 662 1762 juris
685 1681 798 1765 atque
815 1666 1029 1767 possessionis
1046 1666 1129 1762 jure
1143 1670 1372 1766 proprietatis
1397 1668 1461 1757 est,

192 1792 354 1843 necnon
374 1766 413 1844 dt
439 1768 623 1866 mancipia
646 1769 736 1857 illa,
762 1793 848 1865 quae
862 1794 909 1845 ex
925 1770 1058 1843 eadem
1084 1768 1176 1841 villa
1196 1784 1276 1845 orta
1290 1770 1398 1857 suut,
1422 1770 1462 1847 dt

190 1862 373 1944 hellenus
387 1869 434 1944 ad
446 1868 575 1943 fiscum
591 1868 753 1945 nostrum
772 1870 947 1945 Triburr'm
962 1867 1222 1960 deservierunt,
1236 1870 1275 1943 id
1288 1868 1462 1957 eli,Lou·

192 1972 287 2045 bam
309 1992 397 2044 cum
422 1970 626 2069 infantibus
644 1971 716 2047 suis
737 1973 886 2059 tribus,
911 1968 1139 2046 Muniswind
1160 1992 1246 2043 cum
1260 1967 1465 2046 infantibus

191 2071 271 2146 suis
288 2070 423 2158 uibus,
438 2070 657 2147 Adahildim
673 2097 761 2149 curn
780 2072 987 2149 infantibus
1002 2071 1075 2145 suis
1089 2070 1262 2160 duobus,
1286 2070 1467 2167 liebeda·

188 2196 285 2270 gam
301 2195 389 2253 curn
401 2172 544 2247 infante
559 2172 621 2248 suo
640 2180 722 2251 urio.
757 2176 857 2251 Haec
872 2173 999 2249 omnia
1015 2225 1026 2260 ,
1042 2186 1086 2247 ut
1098 2172 1281 2261 diximus,
1305 2196 1395 2247 cum
1409 2174 1465 2250 in·

186 2275 363 2371 tegritate
376 2273 533 2371 praefato
547 2276 746 2352 venerabili
761 2274 984 2351 monasterio
997 2272 1259 2362 concessamus,
1283 2272 1324 2351 dr
1336 2275 1384 2349 de
1396 2300 1464 2351 no-
1601 2316 1605 2321 ·

152 2465 155 2470 p
186 2375 259 2451 stro
277 2374 362 2473 jure
384 2378 422 2451 in
440 2374 504 2471 jus
530 2374 876 2453 &dominationem
898 2376 953 2449 eis
974 2375 1210 2450 liberalitatis
1230 2374 1363 2451 nostrae
1375 2400 1461 2453 mu-

185 2500 274 2554 nere
297 2478 544 2567 contulimus,
569 2478 621 2554 ita
639 2480 840 2565 videlicet,
867 2477 1102 2575 utquicquid
1125 2476 1173 2551 de
1194 2478 1376 2576 praedittis
1401 2501 1460 2554 re·

163 2582 258 2657 bus
277 2578 317 2656 dr
331 2580 524 2683 mancipiis
540 2581 588 2655 ab
601 2582 778 2657 hodierno
793 2581 856 2656 die
871 2578 910 2656 dc
926 2593 1094 2679 tempore
1118 2578 1274 2654 restores
1294 2578 1333 2657 dr
1348 2580 1459 2657 mini·

183 2682 247 2758 stri
271 2681 377 2779 supra
404 2682 600 2756 memorati
621 2683 830 2761 monasterii
846 2682 895 2757 ob
920 2682 1122 2758 utilitatem
1148 2679 1187 2758 ἀ
1212 2683 1459 2759 commodita-

184 2798 270 2859 tem
285 2780 396 2878 ipsrus
420 2782 628 2855 monasterii
642 2785 762 2859 iacere
790 2786 852 2860 vel
864 2780 1033 2879 judicare
1046 2784 1250 2871 voluerint,
1275 2785 1393 2859 libero
1418 2786 1458 2861 in

186 2884 263 2960 Dei
281 2880 431 2955 nomine
445 2880 675 2978 perfruantur
689 2884 844 2959 arbitrio
864 2882 1051 2974 faciendi,
1074 2886 1254 2984 quicquid
1267 2887 1458 2981 elegerint.

185 2988 241 3063 Et
256 2994 306 3058 ut
317 2982 399 3057 haec
416 2980 614 3057 auctoritas
629 2983 832 3077 largitionis
847 2984 974 3063 nostrae
988 3010 1054 3086 per
1073 2988 1257 3063 curricula
1273 3010 1456 3066 annorum

183 3082 442 3164 inviolabilem
467 3098 581 3180 atque
607 3084 858 3161 inconvulsam
884 3088 1050 3164 obtineat
1075 3088 1315 3179 firmitatem,
1340 3114 1457 3165 manu

184 3214 250 3309 pro
279 3186 338 3261 ria
363 3184 746 3275 subterfirmavimus,
771 3186 811 3263 δι
833 3190 936 3265 anuli
957 3189 1069 3265 nostri
1082 3190 1307 3291 impreffione
1321 3191 1456 3287 ssgnari

249 3311 364 3367 unus.

263 3388 503 3470 Adaleoldus
518 3386 696 3461 diaconus
710 3390 758 3465 ad
772 3391 894 3468 vicem
920 3390 1105 3468 Grimaldi
1117 3395 1325 3491 recognovi.
1359 3393 1459 3470 Data

183 3494 257 3575 Vll
275 3494 362 3568 idus
376 3488 567 3589 Januarii,
594 3512 711 3577 anno,
738 3490 877 3567 Christo
893 3493 1077 3590 propitio,
1103 3496 1241 3593 primo,
1267 3495 1371 3591 regui
1392 3496 1458 3567 do·
1481 3516 1666 3609 fiam

183 3596 283 3672 mini
299 3589 491 3667 Ludowici
506 3590 603 3687 regis
617 3590 656 3665 in
665 3590 836 3667 orientali
845 3594 1017 3681 Francia,
1026 3595 1219 3669 indistione
1236 3596 1307 3670 Xll
1321 3594 1458 3672 Alium

183 3691 446 3789 slananosura
451 3693 588 3791 palatio
606 3694 833 3789 regioinDei
849 3694 1000 3771 nomine
1015 3694 1172 3772 feliciter
1184 3718 1306 3773 amen.
1316 3695 1458 3775 Christe

181 3810 346 3901 protege
359 3794 600 3876 Ludowicum
625 3817 762 3896 regem.

1271 4048 1398 4139 Anno
