4000 5417
563 466 620 520 ru
650 464 773 519 rano
796 441 1174 523 Lononurtnusr.
1429 455 1506 545 3⁶9

231 748 300 835 tis,
327 748 503 845 quidquid
526 745 660 821 exinde
676 746 796 823 facere
811 750 1015 827 volueritis.
1049 748 1089 825 Si
1107 750 1190 847 quis
1206 738 1313 837 vero,
1330 749 1430 844 quod
1444 747 1502 823 fu-

231 863 358 925 turum
372 849 439 925 elle
454 849 608 923 minime
621 848 746 941 credo,
772 846 815 927 ἔθ’
829 852 979 948 reliqua:
1006 851 1086 926 auri
1109 852 1279 927 denarios
1294 876 1338 938 x,
1359 851 1501 945 argenti

231 951 360 1047 uncias
377 948 418 1047 jjj
437 952 556 1026 multa
570 964 768 1047 conponat,
794 950 997 1029 &donatio
1014 952 1194 1032 istaomni
1208 968 1371 1052 tempore
1393 950 1511 1026 firma

231 1068 446 1151 permaneat
466 1053 622 1151 stipulat.
642 1052 803 1127 subnixa.
846 1050 982 1147 Atium
998 1056 1038 1129 in
1052 1056 1133 1130 loco
1155 1056 1321 1155 publico,
1356 1054 1417 1151 qui
1438 1077 1503 1129 vo-

232 1168 339 1229 catur
364 1156 580 1231 Laetorium
602 1153 635 1228 li
657 1152 835 1229 kalendas
854 1156 1001 1246 Martii,
1028 1182 1125 1233 anno
1146 1158 1217 1235 XV
1240 1158 1344 1253 regni
1363 1154 1502 1231 domini
1532 1189 1586 1256 28·
1600 1178 1691 1247 febr,

232 1254 340 1331 nostri
354 1256 497 1355 Pippini
518 1257 627 1351 regis.
678 1255 837 1350 Signum
866 1258 960 1334 Olon
982 1258 1023 1335 ὃ(
1043 1260 1205 1348 Bozulfi‚
1232 1260 1298 1356 qui
1315 1259 1412 1335 hanc
1435 1256 1502 1331 do·

81 1415 85 1423 .
232 1357 419 1433 nationem
441 1357 518 1433 fieri
550 1356 596 1434 .&
617 1356 756 1433 firmari
786 1375 1021 1454 rogaverunt
1078 1364 1258 1439 Similiter
1286 1386 1356 1458 ego
1376 1359 1503 1437 Adala

232 1460 329 1533 dono
351 1459 389 1537 in
411 1460 480 1535 Dei
501 1458 649 1539 nomine
669 1460 718 1535 ad
733 1459 892 1535 eundem
915 1462 1047 1539 Christi
1065 1478 1271 1561 martyrem
1290 1464 1338 1540 N.
1362 1464 1402 1540 in
1419 1459 1502 1557 jam

232 1559 328 1635 diuo
347 1563 441 1639 loco‘
455 1563 500 1637 de
522 1560 599 1660 ipsa
621 1574 717 1638 terra
737 1584 862 1637 meam
883 1566 1108 1662 portionem,
1134 1590 1247 1663 quam
1266 1588 1335 1643 nos
1353 1563 1504 1641 insimul·

231 1665 547 1773 tenerevidemur.
574 1652 733 1761 Signum
746 1661 942 1742 Adalanae.
962 1668 1059 1761 ¹Ego
1072 1668 1292 1763 Witglarius
1313 1666 1441 1768 scripit.

732 1885 1001 1979 CCXCVHI.

250 2022 256 2031 ’
345 2112 348 2119 ,
464 2016 645 2113 Donario
667 2018 878 2111 Frickoais
903 2014 1006 2107 anno
1029 2045 1105 2134 quo
1122 2020 1265 2135 firpra.

234 2194 286 2321 In
302 2183 432 2262 Christi
449 2185 597 2261 nomine
612 2186 676 2263 sub
692 2187 752 2261 die
768 2186 818 2262 III
831 2187 1013 2262 kalendas
1032 2186 1149 2285 Junii,
1175 2208 1272 2261 anno
1291 2182 1378 2260 XVI
1398 2182 1503 2281 regni
1533 2195 1586 2260 30·
1601 2176 1673 2260 Maj.

191 2282 195 2294 “
285 2285 427 2361 domini
439 2286 550 2361 nostri
563 2288 707 2387 Pippini
723 2288 837 2382 regia,
852 2312 922 2383 ego
937 2286 1090 2367 Friccho
1105 2309 1170 2386 pro
1184 2287 1254 2361 Dei
1268 2286 1420 2374 intuitu,
1442 2288 1508 2363 vel·

232 2408 298 2485 pro
323 2389 457 2463 animae
481 2406 576 2463 meae
598 2390 761 2463 remedio
785 2388 846 2463 seu
868 2388 907 2465 δι
924 2412 994 2487 ·pro
1017 2400 1156 2465 aeterna
1183 2388 1420 2464 retributione
1441 2408 1512 2486 per·

232 2488 329 2563 hanc
343 2491 530 2565 kartulam
543 2489 749 2565 donationis
762 2490 859 2565 dono
875 2490 923 2565 ad
939 2490 1101 2565 sanlium
1115 2491 1183 2565 Dei
1205 2503 1409 2584 martyrem
1431 2488 1507 2565 Na·

234 2592 396 2681 zarium,
422 2592 484 2688 qui
497 2591 691 2688 requiescit
706 2592 744 2666 in
760 2614 911 2691 corpore
924 2590 964 2665 in
978 2614 1074 2691 pago
1087 2591 1249 2677 Rinenfi,
1275 2590 1314 2665 in
1329 2590 1507 2665 monaste·
1548 2628 1553 2637 ·

235 2694 590 2867 llilllddllll
602 2694 844 2871 &¹¹¹5th
861 2692 1507 2891 likikkkrktrt

133 2850 138 2857 .
467 2820 491 2868 n
628 2820 676 2869 on
721 2820 741 2868 e
845 2821 870 2868 n
1112 2822 1135 2869 o
1228 2850 1238 2883 ‚

180 2920 189 2961 ·.
237 2890 301 2965 iub
315 2892 514 2964 venerabili
536 2894 668 2967 abbate
677 2820 925 2969 iiuidelando
947 2898 1026 2971 Deo
1048 2896 1180 2972 servire
1203 2898 1367 2983 videtur,
1392 2898 1505 2972 dona·

238 2988 448 3087 tumque-in
461 3000 675 3087 perpetuum
688 2990 757 3065 elle
773 2994 883 3080 volo,
908 2992 980 3068 hoc
995 2995 1061 3083 est,
1088 3018 1167 3070 rem
1190 3020 1314 3071 meam
1328 2997 1367 3070 in
1388 2998 1505 3071 Hane·

232 3092 448 3193 scuhrshaim,
464 3090 638 3165 viniolarn
655 3089 868 3187 jteneotem
884 3095 968 3195 plus
989 3099 1111 3175 minus
1127 3098 1340 3174 scamellum
1350 3096 1365 3195 j
1376 3140 1390 3184 ,·
1412 3100 1506 3175 adie

239 3194 416 3295 praesente
438 3193 483 3267 de
504 3188 586 3287 jure
602 3214 686 3266 meo
706 3192 745 3267 in
761 3190 823 3290 jus
838 3193 876 3271 dt
897 3197 1186 3276 dominationem
1208 3200 1317 3277 laniii
1336 3201 1383 3277 N.
1402 3201 1506 3276 trado

237 3292 711 3477 altatarium
724 3297 1509 3502 mattaratiumkatar·

408 3451 418 3486 l
724 3446 751 3483 Υ
1157 3458 1167 3475 ·
1496 3456 1507 3489 2

242 3502 342 3595 quod
355 3501 525 3575 futurum
538 3496 606 3573 effe
629 3498 782 3572 minime
804 3500 930 3589 credo,
957 3498 1001 3579 td
1024 3508 1171 3601 reliqua,
1198 3526 1287 3577 cum
1309 3504 1403 3577 socio
1425 3500 1509 3576 fiseo
1669 3496 1673 3503 ’

243 3602 323 3676 auri
344 3602 479 3675 uncias'
491 3598 553 3697 jjj,
579 3600 721 3696 argenti
744 3594 1064 3679 solidos'xssmulra
1085 3602 1271 3689 sustineat,
1285 3602 1336 3677 ·&
1358 3603 1520 3677 donatio:

210 3738 217 3747 ·
241 3700 424 3779 ilialinna
438 3702 710 3803 omnitempore
724 3715 947 3800 permaneat,
958 3702 1185 3801 stipulatione
1193 3702 1356 3778 subnixa.
1376 3700 1517 3779 Atrum

241 3807 280 3880 in
295 3800 508 3877 monasterio
515 3803 725 3878 Lourashom
739 3802 883 3900 publice
898 3804 964 3881 iub
976 3806 1033 3882 die
1048 3806 1086 3882 or
1100 3820 1285 3904 tempore,
1306 3827 1381 3903 quo
1395 3805 1520 3903 supra:

243 3906 400 4001 Signum
414 3902 596 3991 Friconis,
619 3907 685 4000 qui
700 3905 796 3979 hano
810 3906 1045 3985 donationem
1056 3907 1162 3996 fecit,
1188 3904 1513 4003 fignumSalacho·

245 4008 314 4085 nis.
367 4005 450 4102 Ego
471 4002 625 4081 Samuel
647 4018 800 4103 rogatus
818 4004 946 4107 scripsi.
1044 4059 1051 4069 ·
1093 4059 1105 4068 .-

770 4106 882 4187 Aaa
1263 4060 1504 4193 ccxcurs
