4000 5417
477 413 583 494 sne.
611 411 684 493 XII
710 413 953 494 Cuuaaoo
979 415 1033 494 ΙΙΙ
1059 438 1207 496 anon.
1415 444 1491 522 249

214 730 270 806 cio
283 725 497 804 existerede
523 732 732 822 perpetrata
755 719 950 822 iniquitate
973 721 1193 818 cognoscat,
1219 721 1296 800 &a
1321 723 1491 800 sacratio

213 830 303 908 suno
329 851 480 929 corpore
504 824 543 904 dt
565 823 737 920 sanguine
763 823 915 900 Domini
935 822 1047 899 nostri
1070 825 1152 924 Jesu
1177 823 1312 902 Christi
1345 827 1489 902 alienus

214 931 309 1021 fiat,
330 939 447 1029 ‘atque
471 927 511 1003 in
536 939 704 1002 extremo
729 927 900 1005 examine
933 923 1101 1003 distrittae
1134 927 1267 1008 ultioni
1292 926 1487 1026 subjaceat.

215 1033 367 1114 Cuntiis
394 1043 520 1108 autem
542 1029 663 1104 eidem
684 1030 765 1106 loco
786 1027 884 1126 justa
909 1026 1138 1106 servantibus
1172 1029 1216 1106 fit
1236 1054 1311 1129 pax
1337 1030 1489 1106 Domini

215 1133 325 1212 nostri
340 1132 422 1234 Jefu
446 1129 597 1220 Christi,
624 1144 806 1226 quatenus
820 1129 859 1206 δι
873 1129 936 1205 hic
950 1129 1110 1208 frutium
1124 1131 1232 1210 bonae
1247 1133 1396 1210 astionis
1409 1155 1490 1232 per-

217 1235 382 1336 cipiant,
407 1233 447 1314 dt
461 1229 769 1334 apuddistritium
780 1231 945 1330 judicem
969 1234 1125 1331 praemia
1145 1247 1295 1314 aeternae
1315 1235 1415 1335 pacis
1432 1235 1489 1311 in·

217 1338 381 1414 veniant.
409 1334 547 1425 Amen,
561 1356 683 1425 amen,
699 1357 820 1412 amen.
840 1332 995 1410 Sentius
1019 1335 1163 1424 Petrus,
1190 1337 1492 1428 fantiusPaulus,

218 1441 409 1536 Eugenius
456 1463 528 1539 apa
543 1437 686 1515 tertius.
737 1437 841 1514 Bene
857 1435 990 1512 valete.
1043 1437 1127 1534 Ego
1150 1439 1342 1538 Eugenius
1361 1440 1492 1518 catho-

219 1543 302 1618 licae
320 1464 480 1618 eccleliae
497 1541 686 1640 episcopus
702 1533 899 1636 subscripsi.
955 1537 1036 1632 Ego
1057 1539 1278 1619 ottavianus
1311 1541 1489 1620 diaconus

221 1643 421 1720 cardinalis
435 1643 634 1718 deNicolai
650 1640 696 1717 de
710 1661 856 1716 carcere
869 1635 908 1711 ff.
925 1637 1007 1734 Ego
1040 1638 1206 1718 ohannes
1219 1645 1396 1720 diaoonus
1409 1667 1491 1720 car·

222 1743 495 1820 dinalissaniiae
522 1743 653 1820 Mariae
668 1765 777 1820 novae
790 1739 828 1816 ff.
855 1739 998 1814 Datum
1070 1744 1133 1813 mis
1146 1765 1212 1840 per
1225 1767 1379 1820 manum
1387 1745 1492 1821 Gwi·

224 1846 331 1922 donis
345 1845 472 1921 sanstae
487 1845 668 1920 Romanae
682 1841 846 1919 ecclesiae
868 1839 1017 1914 diaconi
1041 1842 1239 1918 cardinalis
1259 1843 1299 1919 dt
1312 1846 1494 1920 cancella-

222 1948 288 2035 rii,
313 1947 384 2022 1111
398 1945 578 2020 kalendas
603 1943 766 2044 Aprilis,
793 1942 989 2019 indittione
1003 1939 1075 2028 XI,
1090 1941 1353 2020 incarnationis
1370 1945 1497 2020 Domi·
1531 1935 1690 2024 ΝΜ·

223 2049 317 2124 nicae
336 2069 434 2123 anno
458 2047 708 2135 MCXLVHI,
723 2043 963 2147 pontificatus
976 2063 1065 2121 vero
1090 2043 1230 2124 domini
1254 2045 1414 2144 Eugenii
1446 2045 1500 2126 111
1554 2036 1650 2110 ¹¹4⁸·

222 2171 330 2248 papae
352 2170 448 2224 anno
462 2159 605 2246 quarto.
1128 2159 1132 2164 ’

222 2331 330 2424 Item
350 2329 518 2448 epistola
537 2331 725 2444 ejusdem
751 2359 832 2449 pro
848 2327 997 2417 eadem
1025 2327 1204 2420 eoeleiia.

252 2691 488 2788 Mandatum
516 2692 691 2808 Eugenii
711 2541 988 2814 papddddper
1011 2693 1254 2810 restitutione
1275 2691 1475 2800 faciendo.

227 2869 469 2995 Eudamus
501 2859 708 2956 episcopus,
734 2857 861 2938 servus
893 2861 1078 2944 servorum
1104 2865 1202 2954 Dei,
1234 2859 1506 2941 venerabilibus

309 2954 485 3029 fratribus
500 2956 789 3052 archiepiscopis,
806 2959 990 3060 episcopis,
999 2966 1037 3040 in
1045 2987 1203 3063 quorum
1212 2963 1397 3062 parochiis
1405 2963 1505 3038 Lau-

233 3051 516 3135 reshammenfrs
531 3054 738 3130 monasterii
752 3055 848 3152 bona
863 3063 1074 3155 consistunt,
1102 3065 1258 3143 salutem
1283 3064 1360 3144 &a
1385 3061 1506 3138 ostoli-

235 3156 631 3237 cambeneditiionem.
685 3158 840 3245 Quantis
866 3163 1220 3244 Laureshammense
1243 3089 1508 3243 monaderium

236 3259 500 3362 poifeffionibus
516 3257 608 3336 olim
624 3255 784 3335 ditatum
799 3262 935 3356 suerit,
960 3285 1216 3369 quantumque
1237 3269 1350 3366 largis
1383 3269 1507 3364 Impe-

237 3378 406 3440 ratorum
421 3360 680 3438 donationibus
696 3360 966 3458 abundaverit,
991 3371 1109 3448 vestra
1128 3372 1342 3448 fraternitas
1366 3393 1440 3445 non
1454 3367 1509 3461 ig·

239 3481 371 3554 norat,
396 3463 456 3540 sed
470 3463 631 3563 peccatis
645 3461 875 3558 exigentibus
890 3483 1038 3570 propter
1062 3475 1244 3571 plurimas
1264 3466 1510 3570 perturbatio·

239 3590 306 3644 nes
321 3566 359 3642 δι
380 3565 485 3660 regni
518 3563 740 3640 neceisrtates
762 3563 965 3645 admodum
990 3572 1041 3646 est
1065 3574 1329 3658 imminutum,
1355 3569 1509 3664 ideoque

240 3666 358 3743 vestro
372 3665 576 3765 plurimum
590 3665 730 3742 auxilio
743 3667 910 3764 indiget,
936 3671 976 3748 dt
990 3685 1033 3748 ut
1047 3671 1269 3772 poifeffiones
1282 3669 1361 3766 ejus
1376 3690 1510 3744 manu·

244 3777 368 3843 tenere
379 3765 539 3862 juvetis,
564 3765 663 3845 &ab
678 3767 930 3848 infestantium
943 3771 1085 3868 injuriis
1109 3772 1328 3861 defensetis,
1354 3766 1510 3846 necessa·

246 3868 344 3944 rium
358 3867 484 3944 habet.
512 3872 582 3948 Per
595 3869 782 3970 praesentia
798 3895 887 3971 ergo
901 3875 1008 3952 vobis
1023 3876 1154 3979 scripta
1167 3873 1406 3962 mandamus,
1420 3894 1513 3969 qua·

245 3970 348 4051 tinus
364 3971 609 4074 parochianos
624 3971 777 4068 vestros,
792 3976 857 4078 qui
872 3971 1040 4158 eipsdem
1053 3977 1262 4062 monasterii
1275 3971 1513 4155 bonadienjuste

941 4081 958 4158 i
1416 4077 1465 4155 ti·
