4000 5417
564 432 640 499 oro
915 417 937 445 ·’
1040 414 1399 493 salomones

565 722 606 799 iu
630 719 701 796 Dei
714 718 864 795 nomine
882 720 1145 819 perpetualiter
1167 718 1216 795 ad
1241 720 1492 820 poffideadum
1506 718 1750 821 stipulatione
1771 726 1835 803 sul

565 824 668 900 uiua.
722 820 861 899 Attum
884 821 922 897 in
947 822 1166 899 monasterio
1191 822 1401 899 laurisham
1417 878 1427 911 ,
1442 822 1532 899 VIII
1555 824 1745 904 kalendas
1773 829 1836 903 Illo·

377 940 430 1007 α5·
459 918 532 989 0&
566 925 693 1003 vemb.
711 946 807 1000 anuo
822 922 1177 1020 Xlllregnidomini
1192 924 1302 999 nostri
1327 924 1454 1000 Ilaroli
1477 924 1632 1021 gloriolr
1655 929 1832 1030 imperato

470 1034 476 1054 '
568 1028 631 1103 ris.
657 1025 816 1122 Signum
848 1026 1085 1123 Megingozi,
1118 1026 1182 1123 qui
1204 1026 1303 1102 hanc
1324 1026 1569 1105 donationem
1592 1028 1711 1120 fecit,
1736 1030 1832 1113 Wolf·

568 1126 937 1219 portu-Amalune,
963 1128 1157 1215 Wollradl.
1209 1128 1365 1207 Samuel
1381 1126 1535 1230 scripsit.

1029 1284 1037 1291 ’
1100 1332 1354 1425 ocoxcu.
1494 1323 1499 1329 ’

827 1554 836 1571 ,
979 1464 1162 1559 Donatio
1196 1462 1441 1555 Thrutmarr'.

568 1635 703 1776 Anno
718 1635 848 1712 deinde
863 1634 1020 1709 secundo
1033 1658 1103 1730 ego
1128 1632 1332 1707 Theutmar
1349 1632 1446 1707 dono
1461 1630 1513 1707 ad
1540 1631 1704 1709 sannam
1722 1631 1821 1709 Naza-

656 1740 752 1813 rium
774 1752 979 1835 martyrem
1000 1736 1070 1814 &u
1094 1734 1107 1831 j
1132 1736 1281 1811 vineam
1308 1734 1346 1809 in
1371 1732 1567 1823 Rorbaclr,
1602 1738 1822 1829 donatumque

567 1840 607 1915 in
622 1856 841 1939 perpetuum
855 1838 924 1913 elle
941 1840 1027 1914 volo
1041 1836 1270 1937 stipulatione
1285 1836 1449 1911 lubqua.
1493 1836 1638 1931 Attum
1654 1838 1711 1912 ubi
1724 1836 1821 1933 supra,

303 2010 310 2023 .
379 1974 432 2045 ις.
446 1952 539 2026 Mart
567 1942 652 2017 idus
666 1942 803 2017 Martii.
855 1938 1266 2037 Signum'Theutmari,
1293 1938 1356 2035 qui
1369 1937 1468 2013 hanc
1490 1940 1723 2015 donationem
1738 1938 1819 2023 lecit,

569 2042 714 2141 siguum
727 2043 905 2143 Erulum,
919 2041 1099 2139 Rudingi,
1124 2039 1353 2119 Trutlrbaldi.
1405 2038 1598 2123 Rudolfus
1622 2037 1755 2139 scripit.

1083 2242 1356 2335 DCCXCIII.
1393 2294 1395 2299 ·

987 2392 1169 2482 Donatio
1203 2391 1272 2485 W
1264 2388 1438 2478 achonis.

567 2572 671 2695 Item
693 2580 790 2633 anno
815 2548 950 2633 eodem*
968 2580 1039 2651 ego
1064 2558 1210 2651 Wacho
1240 2558 1337 2633 dono
1371 2558 1421 2635 ad
1440 2556 1583 2632 usuum
1614 2552 1795 2629 umanum

618 2671 822 2752 martyrem
829 2658 900 2734 llic.
910 2654 1114 2733 inRorbaclr
1129 2657 1293 2755 hobamj
1311 2657 1350 2737 ὅ(
1364 2684 1444 2734 xxx
1456 2652 1646 2753 lustralis}
1666 2654 1800 2731 vineam

563 2758 606 2834 iu
628 2758 807 2847 norant,
833 2758 871 2836 &
886 2760 926 2834 in
951 2758 1199 2835 Ballanstra»
1229 2757 1244 2855 j
1273 2760 1460 2849 mansum,
1484 2760 1565 2837 haec
1585 2756 1716 2845 omma,
1736 2767 1808 2831 tam

565 2859 714 2950 mansis,
728 2860 1021 2961 campis‚srlvis,
1036 2862 1191 2961 pascuis,
1209 2862 1363 2963 perviis,
1390 2862 1518 2961 aquis,
1535 2856 1812 2961 aquanuuue-de·

566 2962 728 3040 cursibus
750 2965 887 3040 donata
911 2962 980 3038 elle
994 2966 1080 3040 volo
1096 2986 1163 3064 pro
1184 2966 1310 3040 anima
1323 2963 1390 3039 lilii
1412 2964 1516 3053 mei,
1544 2966 1585 3041 in
1607 2964 1673 3040 Dei
1687 2959 1814 3037 nomine

356 3121 360 3130 ·
565 3067 826 3182 perpetualiter
841 3066 1064 3165 possidenda,
1090 3066 1320 3186 stipulatione
1336 3066 1501 3183 subnixa.
1556 3064 1813 3183 Altumuinmo·

236 3256 242 3261 ·
385 3191 419 3261 ⁸·
434 3178 499 3293 ¹⁹¹·
564 3162 1815 3370 llslmrslullll?alimonialis’tls

1082 3484 1355 3580 merrom.
1472 3438 1479 3445 ’

958 3612 1139 3703 Donulio
1168 3614 1436 3730 Adalgordis.

566 3727 830 3919 AmoXVII
853 3779 958 3878 regni
979 3780 1119 3897 domini
1141 3782 1248 3907 nostrl
1273 3783 1412 3899 Karoli·
1426 3783 1614 3903 regisego
1640 3782 1826 3902 Atlalgarlr

652 3884 775 3961 relrlla
795 3882 928 3970 lrlulli,
954 3880 993 3958 ἃ
1007 3880 1105 3957 filius
1120 3906 1226 3960 meus
1251 3884 1506 3973 Fruotwmus,
1533 3909 1604 3984 pro
1630 3903 1828 3973 animaruu-

565 3982 647 4065 strae
667 3986 831 4065 remedio
856 3986 1040 4063 donamus
1062 3984 1109 4061 ad
1128 3984 1292 4065 sanim
1316 3986 1520 4066 Nazarium
1543 3982 1831 4162 martyremdm

553 4134 561 4153 2
1236 4140 1240 4151 .
1685 4111 1749 4191 qm
1772 4126 1785 4142 .
