4000 5417
1050 440 1409 521 Trinoiriouzs

1101 742 1346 835 DCXCIX.

838 876 1020 969 Donatio
1046 874 1231 969 Didonis
1257 872 1297 963 iii
1322 875 1453 963 eodem
1481 877 1591 965 uilla.

573 1048 735 1191 Eodem
749 1070 847 1125 anno
860 1068 929 1141 ego
953 1044 1063 1140 Dudo
1076 1066 1142 1144 pro
1155 1042 1319 1119 remedio
1333 1044 1471 1122 animae
1486 1067 1580 1122 meae
1597 1044 1717 1123 dono
1731 1049 1780 1125 ad
1792 1048 1857 1125 san·

652 1153 751 1227 tium
777 1150 846 1225 Dei
867 1161 1072 1243 martyrem
1097 1146 1300 1222 Nazarium
1320 1145 1392 1222 &c
1441 1144 1579 1242 jurnal.
1608 1145 1647 1243 vj
1684 1152 1739 1225 de
1771 1167 1853 1227 terra

571 1254 701 1331 arabili
716 1254 754 1327 io
784 1248 999 1345 wlfingo,
1024 1247 1063 1325 dr
1077 1248 1191 1325 etiam
1203 1270 1271 1348 pro
1285 1248 1409 1325 anima
1424 1249 1620 1344 genitricis
1637 1274 1750 1331 meae
1763 1258 1852 1328 Gun-

556 1379 701 1443 ¹zariae,
727 1368 769 1429 ut
783 1353 831 1428 ad
844 1351 960 1449 ipsum
971 1350 1132 1426 sendum
1147 1352 1272 1426 locum
1296 1350 1490 1449 proficiant
1503 1352 1543 1425 in
1558 1352 1788 1448 augmentis
1799 1355 1849 1428 sli-

571 1456 758 1557 pulatione
773 1454 941 1531 subnixa.
994 1450 1134 1528 Assum
1151 1451 1188 1525 in
1203 1450 1418 1527 monasterio
1445 1454 1673 1528 lauresham
1692 1458 1777 1536 Vlll
1793 1460 1849 1531 lra-

390 1588 444 1652 24.
463 1568 542 1651 ilpr.
572 1560 702 1635 lendas
717 1554 818 1651 Maji.
870 1555 1029 1651 Signum
1051 1555 1244 1643 Dudonis,
1270 1554 1335 1651 qui
1357 1553 1456 1631 hanc
1482 1556 1737 1633 donationem
1755 1559 1840 1643 fecit,

574 1659 717 1757 fignum
740 1656 931 1733 Heriberti
946 1656 1011 1731 filii
1027 1654 1125 1751 ejus,
1151 1652 1297 1752 signum
1312 1656 1483 1745 Geraldi,
1510 1656 1731 1753 Ramberd,
1752 1660 1843 1739 Sala·

468 1862 473 1869 ¹
573 1762 714 1839 chonis.
766 1760 920 1837 Samuel
933 1757 1078 1859 scripsit.
1517 1770 1520 1777 ·

1163 1956 1292 2049 DCC.
1318 1994 1323 1999 ·

766 2124 770 2132 ’
838 2087 1022 2179 Donalio
1050 2082 1312 2179 Mocielmi‘i'rr
1333 2092 1461 2176 eodem
1489 2091 1593 2189 vico.

572 2270 673 2401 Ego
687 2258 728 2333 in
751 2257 822 2333 Dei
836 2255 986 2331 nomine
1011 2254 1244 2331 Machelmus
1259 2254 1357 2331 dono
1379 2257 1427 2333 ad
1456 2257 1613 2335 fandum
1637 2258 1686 2337 Ν.
1714 2256 1843 2335 Christi

650 2375 881 2456 martyrem,
907 2359 973 2454 qui
988 2357 1180 2454 requiescit
1202 2357 1240 2430 in
1264 2379 1413 2455 corpore
1447 2360 1487 2435 in
1502 2358 1715 2435 monasterio
1741 2360 1838 2435 Lau-

569 2463 743 2549 resham,
770 2461 998 2555 donatosque
1022 2460 1060 2533 in
1085 2467 1303 2557 perpetuum
1325 2458 1394 2535 else
1409 2464 1496 2537 volo
1514 2463 1598 2535 duos
1614 2457 1752 2553 jumal.
1780 2462 1830 2549 de

569 2578 668 2639 terra
681 2562 808 2636 arabili
825 2582 892 2659 pro
907 2561 1033 2633 anima
1047 2558 1112 2635 filii
1130 2560 1204 2639 mei
1232 2561 1498 2647 Maurichonis,
1519 2560 1597 2634 iios
1610 2560 1646 2632 in
1666 2556 1821 2635 Wrdli‘ii·

564 2686 648 2759 gero
664 2684 818 2748 marca,
844 2662 882 2734 in
903 2660 1047 2736 duobus
1069 2660 1189 2741 locis.
1214 2673 1259 2747 ut
1273 2664 1373 2737 omni
1395 2680 1544 2765 tenpore
1567 2658 1755 2760 proficiant
1777 2660 1821 2735 in

569 2778 813 2860 augmentum
827 2759 992 2855 eiusdem
1007 2760 1078 2837 loci
1093 2760 1323 2861 stipulatione
1339 2764 1506 2843 subnixa.
1555 2762 1685 2839 Altum
1699 2762 1830 2837 inino·

301 2932 305 2939 .
375 2888 428 2937 12·
444 2868 540 2936 Mm-
568 2865 723 2944 nasterio
747 2866 958 2941 Laureolum
975 2864 1045 2940 llll
1062 2864 1146 2939 idus
1167 2866 1292 2940 Martii
1309 2892 1406 2943 anno
1421 2870 1490 2945 1111
1507 2866 1603 2963 regni
1614 2865 1754 2941 dorisrn'i
1771 2891 1839 2941 no·

567 2970 628 3045 stri
657 2970 783 3045 Karoli
796 2968 893 3064 regis
909 2966 1063 3065 gloriosi.
1115 2968 1273 3063 Signum
1298 2970 1504 3046 Machelmi
1529 2970 1568 3049 δι
1592 2968 1839 3046 Bruniclionis

564 3072 630 3148 filii
658 3069 764 3167 ejus,
790 3069 935 3168 signum
966 3068 1166 3159 Asetichi,
1190 3068 1400 3163 Ruduuini,
1426 3073 1637 3151 Erimberti.
1688 3071 1837 3149 Samuel

613 3439 622 3455 ’
693 3483 701 3493 ·
821 3430 1003 3527 Donatio
1033 3305 1324 3531 Wnssffl&
1352 3376 1583 3541 Harlberlrf.

411 3585 415 3593 ¹
564 3617 668 3746 Item
688 3595 786 3680 anno
818 3625 894 3699 quo
910 3598 1014 3701 supra
1035 3602 1319 3684 nos.Witherus
1335 3602 1373 3679 u
1398 3603 1626 3681 Hartbertus
1660 3603 1847 3679 donamus
1915 3599 1919 3748 J

403 3734 410 3783 ·,
535 3776 539 3783 ,
600 3712 679 3806 ‘pro
693 3707 819 3781 anima
844 3704 1061 3792 Richberti,
1088 3706 1185 3801 quod
1208 3704 1278 3803 ipse
1296 3705 1399 3781 nobis
1425 3707 1581 3783 tradidit
1598 3729 1721 3781 manu
1743 3721 1847 3805 pote·
1915 3754 1916 3777 .

507 3830 530 3875 ·i
560 3804 709 3895 stativa,
725 3821 767 3882 ut
780 3808 1006 3882 traderemus
1018 3828 1084 3905 pro
1099 3828 1144 3881 eo
1155 3808 1216 3881 ad
1234 3806 1394 3884 sanctum
1419 3808 1551 3885 Christi
1569 3824 1781 3905 martyrem
1796 3809 1843 3885 N.
1918 3877 1919 3902 ,

224 3980 231 3993 ,
327 3940 330 3944 ’
481 3927 492 3941 ·’
560 3913 621 4008 qui
646 3908 832 4007 requiescit
857 3909 895 3983 iri
917 3906 1134 4001 monasterio
1160 3910 1416 3997 Lauresham‚
1442 3911 1504 3987 ubi
1536 3910 1597 3987 vir
1620 3910 1846 4003 venerabilis
1916 3905 1918 3957 i

560 4012 830 4123 Gundelandus
854 4011 951 4090 abba
971 4008 1116 4111 piaeeile
1141 4011 1315 4103 videtur,
1339 4014 1439 4111 quod
1453 4011 1494 4091 δε
1517 4013 1704 4102 fecimus,
1732 4016 1848 4090 dona·

1606 4131 1794 4218 .tosque
1916 4153 1917 4159 Ν

565 3172 712 3274 scripsit.
