4000 5417
498 439 602 519 Sne.
628 435 736 518 VIII
761 434 959 517 Canoto
985 460 1121 515 naor
1398 470 1445 541 aq

536 600 1099 623 und—annm·-

178 749 276 824 tibus
291 746 414 844 culpis
429 741 503 842 ipsa
519 740 691 818 abbatilla
704 742 814 838 digna
830 768 906 818 non
920 740 965 818 fit
979 744 1026 818 ad
1048 742 1119 819 hoc
1134 740 1392 831 ministerium,
1409 741 1447 819 dt

178 851 295 925 abbas
309 849 381 921 hoc
401 844 605 944 perpendit,
629 845 715 941 quin
728 844 781 920 ita
801 844 876 932 est,
903 844 1032 921 uallet
1055 846 1252 943 prudenter
1272 845 1369 942 apud
1393 842 1444 933 se,

179 951 219 1026 dt
234 947 383 1045 dejiciat
397 947 520 1032 illam,
546 967 628 1042 quae
642 946 749 1041 digna
763 952 836 1021 nori
861 944 910 1021 est
925 946 971 1021 de
991 948 1118 1022 ordine
1141 947 1229 1035 suo,
1256 944 1294 1022 dt
1309 946 1445 1033 aliam,

181 1074 267 1149 quae
282 1051 392 1145 digna
406 1046 475 1135 est,
502 1048 540 1121 in
557 1047 637 1120 loco
652 1045 731 1140 ejus
745 1046 939 1123 constituat
954 1049 998 1123 de
1012 1072 1146 1145 genere
1160 1046 1290 1125 nostro.
1316 1046 1446 1134 Quodsi
1540 1129 1546 1145 .

179 1177 254 1227 non
269 1150 380 1226 fuerit
404 1151 449 1225 de
464 1171 596 1244 genere
616 1148 761 1236 nostro,
786 1172 868 1246 quae
880 1150 982 1249 pollrt
1004 1151 1141 1227 ibidem
1154 1148 1225 1225 elie
1246 1148 1446 1237 abbatilla,

180 1249 358 1347 tuncjam
373 1252 549 1351 praefatus
575 1248 691 1326 abbas
706 1250 751 1324 de
765 1250 977 1327 monasterio
1002 1252 1109 1329 santii
1135 1253 1283 1329 Nazarii
1298 1252 1358 1327 vel
1384 1249 1447 1351 ipsr

180 1354 353 1429 monachi
367 1352 505 1429 faciant
529 1353 574 1427 de
590 1349 672 1447 jam
692 1350 784 1425 disto
798 1350 1038 1441 monasterio,
1062 1353 1102 1431 dt
1129 1354 1228 1453 quod
1248 1355 1296 1429 ad
1328 1351 1448 1453 ipsum

181 1456 326 1554 aspicit,
352 1452 526 1551 quicquid
538 1452 602 1529 fibi
618 1452 709 1527 utile
718 1449 982 1546 judicaverint,
995 1477 1062 1554 pro
1074 1456 1320 1555 oportunitate
1337 1454 1447 1531 l'anffl

179 1557 348 1643 NazariI,
374 1556 433 1631 vel
448 1555 585 1631 ibidem
610 1556 691 1630 Deo
705 1553 986 1631 deservientium
1010 1558 1299 1645 monachorum,
1325 1556 1386 1633 sed
1406 1554 1446 1633 dt

179 1680 408 1757 quaecunque
429 1656 468 1731 in
489 1654 569 1751 jam
590 1656 747 1754 praefato
768 1656 979 1748 monasterio
1000 1658 1174 1735 abbatilsa
1198 1660 1334 1747 luerit,
1359 1682 1447 1735 cen·

181 1760 261 1859 sum
273 1758 353 1854 jam
367 1758 505 1833 dittum
526 1758 575 1832 ad
595 1756 755 1833 santium
782 1758 981 1835 Nazarium
1001 1784 1076 1834 non
1095 1762 1258 1855 negligat
1281 1762 1446 1847 reddere,

82 1880 86 1891 ·
179 1860 308 1959 quodsi
330 1858 558 1953 neglexerit,
591 1882 677 1933 curn
699 1856 791 1954 legis
823 1859 997 1935 beneficio
1017 1859 1091 1935 hoe
1116 1861 1303 1935 emendari
1324 1861 1447 1937 faciat.

180 1963 224 2038 Si
243 1960 326 2057 quis
343 1982 430 2034 vero
444 1960 542 2056 quod
556 1958 633 2035 fieri
645 1984 718 2035 non
732 1959 861 2048 credo,
888 1959 995 2057 Irego
1011 1960 1085 2059 ipsa
1099 1974 1165 2038 aut
1183 1961 1284 2035 ullus
1307 1960 1452 2035 dehae-

180 2061 332 2138 redibus
346 2060 440 2135 meis
455 2060 514 2135 vel
526 2062 816 2159 prohaeredibus,
845 2060 908 2137 seu
922 2062 1097 2159 quaelibet
1111 2062 1188 2137 ulla
1202 2060 1362 2159 obposita
1375 2082 1454 2159 per·

180 2163 271 2239 sona
284 2162 380 2237 hanc
394 2161 631 2237 donationem
655 2160 728 2237 five
743 2162 1003 2238 testamentum
1028 2162 1225 2259 infringere
1246 2162 1305 2237 vel
1318 2161 1455 2237 immu-

181 2278 263 2341 tare
278 2263 461 2347 voluerit,
488 2284 598 2359 quam
611 2264 760 2362 propter
772 2286 911 2338 nomen
935 2264 1087 2337 Domini
1108 2263 1303 2361 spontanea
1325 2263 1455 2340 volun·
1604 2273 1611 2285 '

182 2377 261 2443 tate
273 2364 351 2439 fieri
377 2364 632 2451 decrevimus,
658 2364 793 2440 inferat
816 2364 866 2441 ad
887 2362 1145 2440 monasterium
1168 2364 1278 2440 saneti
1303 2364 1455 2441 Nazarii

183 2468 245 2545 vel
268 2467 316 2543 ad
337 2478 487 2563 agentes
512 2464 620 2565 ipssus
642 2466 797 2566 duplum
821 2478 969 2541 tantum
986 2478 1166 2563 quantum
1186 2465 1270 2543 haec
1301 2465 1453 2541 donatio

183 2569 364 2655 contium,
392 2568 548 2644 sociante
561 2566 643 2643 fisco
657 2568 738 2645 auri
755 2567 870 2643 libras
880 2563 922 2664 jj,
934 2568 1079 2671 argenti
1103 2568 1267 2667 pondera
1281 2589 1336 2664 ω]
1354 2568 1452 2643 mul·
1542 2606 1547 2609 ·

184 2683 264 2747 tam
285 2668 462 2757 sustineat,
481 2668 519 2745 &
532 2668 595 2758 fic,
621 2670 718 2767 quod
730 2670 889 2769 repetit,
915 2669 1126 2747 evindicare
1138 2694 1213 2745 non
1227 2671 1373 2759 valeat,
1391 2668 1452 2745 sed

182 2771 342 2871 praesens
357 2769 505 2844 donatio
525 2769 592 2845 illa
613 2772 675 2845 vel
694 2772 859 2869 precaria
879 2768 980 2847 omni
1002 2786 1166 2871 tempore
1185 2771 1293 2848 firma
1313 2769 1353 2847 dt
1383 2768 1454 2847 sta·

185 2872 276 2950 bilis
290 2880 528 2967 permaneat,
552 2868 778 2963 stipulatione
800 2872 964 2947 subnixa.
1016 2870 1155 2949 Atium
1177 2873 1217 2947 in
1238 2871 1454 2947 monasterio

184 2968 405 3047 lauresham
419 2968 458 3055 in
475 2964 620 3043 basilica
645 2967 701 3042 Sti
718 2968 866 3047 Nazarii
881 2984 966 3048 ante
990 2973 1185 3072 pretiosum
1199 2970 1456 3073 corpusipsrus

185 3074 244 3152 Sti
259 3070 436 3169 martyris
450 3092 575 3145 coram
591 3067 721 3143 multis
733 3070 900 3161 testibus,
921 3098 1020 3150 anno
1044 3076 1167 3155 XVIII
1194 3076 1298 3173 regni
1313 3075 1453 3151 domini
1464 3134 1516 3203 25·
1530 3106 1620 3183 Febr.

155 3213 157 3217 ·
186 3176 297 3252 nostri
323 3173 446 3250 Caroli
460 3174 573 3266 regis,
586 3170 649 3245 sub
662 3168 721 3245 die
742 3172 778 3251 V
802 3174 979 3252 kalendas
994 3176 1159 3252 Marnas.
1184 3178 1339 3273 Signum
1353 3176 1454 3255 Aure
1521 3206 1598 3289 73⁶,

185 3278 267 3355 Deo
283 3275 434 3353 sacratae
449 3269 662 3359 abbatule,
687 3274 879 3371 quaehanc
902 3276 1138 3353 donationem
1151 3276 1225 3354 sure
1251 3280 1457 3377 precariam

187 3378 292 3455 srmul
305 3377 387 3453 lieri
401 3375 442 3451 dt
456 3371 594 3447 firmari
609 3375 765 3469 rogavit.
816 3376 970 3472 Signum
987 3378 1180 3453 Gerhardi.
1206 3378 1364 3475 Signum
1388 3378 1456 3455 Sa·

186 3479 287 3556 lachi
303 3480 342 3556 &
379 3476 551 3553 aliorum.
603 3474 685 3571 Ego
708 3476 833 3572 itaque
863 3479 1016 3555 Samuel
1039 3475 1109 3551 acsi
1129 3478 1304 3574 indignus
1330 3502 1457 3555 mona·

186 3579 351 3755 chuss&
378 3576 572 3681 presbyter
592 3575 693 3656 hanc
727 3575 897 3655 chartam
929 3577 1139 3654 donationis
1170 3592 1324 3675 rogante
1348 3580 1459 3659 Abba

185 3682 321 3783 script.
962 3738 967 3745 .
