4000 5417
563 428 663 507 Sec.
691 378 798 509 Vili
824 431 1011 508 Proru'o
1037 450 1182 507 uzon.
1442 454 1467 531 3

200 592 1471 637 ¹..u-...fi-t—m---n--u-—nunna-nnuun--—-nu——-*

914 650 1471 673 Μ

825 753 858 842 Ι.

570 903 749 995 Donatio
777 902 817 991 in
843 902 1103 1017 Hagenheim.

265 1096 338 1149 nno
364 1070 616 1149 *duodecimo
640 1084 812 1165 regnante
838 1072 985 1148 domino
1007 1072 1127 1148 nostro
1143 1072 1272 1175 Pipino
1293 1094 1380 1169 rege
1405 1070 1497 1150 suh·
1511 1082 1640 1159 raiol.

249 1248 251 1254 Α
288 1176 347 1249 die
363 1188 492 1272 quarto
519 1174 604 1249 Idus
627 1173 728 1273 Julii.
780 1174 859 1269 Ego
885 1175 1190 1253 Wrnrrswlnnn
1217 1176 1296 1253 Deo
1329 1175 1468 1253 sacrata
1517 1173 1592 1257 7⁶3·

203 1275 241 1351 dt
255 1275 351 1351 filius
366 1300 470 1351 meus
493 1276 660 1352 Cnucou
694 1296 825 1349 comes
848 1298 912 1373 pro
934 1277 1003 1351 Dei
1019 1278 1154 1354 intuitu
1178 1278 1238 1355 vel
1251 1303 1317 1377 pro
1331 1278 1468 1356 animae

204 1378 328 1455 nostroe
342 1378 504 1453 remedio
518 1378 578 1453 seu
592 1376 630 1453 dc
647 1399 713 1475 pro
729 1389 865 1453 aetema
884 1378 1137 1467 retributione,
1164 1394 1208 1455 ut
1221 1406 1296 1457 non
1305 1380 1469 1457 inveniat

203 1479 240 1553 in
256 1480 361 1555 nobis
374 1478 488 1555 ultrix
507 1479 659 1555 flamma
686 1478 783 1575 quod
797 1479 957 1566 devoret,
971 1478 1031 1555 sed
1053 1482 1202 1557 Domini
1223 1482 1342 1581 pietas
1369 1482 1468 1579 quod

201 1596 373 1669 coronet,
401 1582 554 1679 ideoque
582 1604 650 1655 nos
671 1579 709 1653 in
734 1579 805 1655 Dei
825 1581 971 1655 nomine
993 1583 1173 1659 donamus
1195 1585 1242 1659 ad
1264 1584 1466 1660 sacrosanc·
1561 1603 1565 1611 ·

201 1694 279 1757 tam
304 1682 491 1757 ecclesram
519 1680 626 1757 sansti
658 1681 758 1755 Petri
782 1680 843 1755 seu
868 1696 1082 1757 caeteromm
1114 1684 1338 1772 sannorum,
1380 1708 1464 1783 quae

201 1782 250 1858 est
276 1784 474 1858 construsta
488 1785 629 1857 inloco
644 1796 854 1880 nuncupato
878 1782 1109 1869 Louresham,
1133 1788 1169 1855 in
1182 1809 1273 1881 pago
1289 1784 1461 1884 Rhenensr

195 1882 305 1982 stipor
315 1884 456 1977 fluuium
470 1883 524 1962 W
522 1888 643 1977 isgorz,
658 1906 771 1979 quam
785 1904 853 1957 nos
866 1881 1013 1983 propter
1022 1906 1156 1959 nomen
1170 1885 1317 1958 Domini
1330 1908 1353 1959 a
1367 1910 1462 1959 novo

202 1982 493 2070 aedificavimus,
523 1984 585 2059 ubi
607 1982 730 2083 praeest
757 1984 813 2059 vir
835 1986 1056 2061 venerabilis
1087 1984 1314 2077 Rudgangus
1349 1984 1465 2057 archi·

201 2085 392 2185 episcopus
415 2084 452 2160 dr
478 2086 604 2172 abbas,
627 2086 880 2182 donatumque
902 2086 942 2159 in
965 2097 1182 2183 perpetuum
1195 2081 1264 2157 esse
1284 2084 1468 2170 volumus,

199 2186 239 2263 δι
250 2184 509 2285 promptiffima
533 2187 723 2261 voluntate
743 2186 1040 2271 confirmamus,
1066 2184 1137 2257 boc
1156 2184 1229 2270 est,
1257 2184 1384 2259 villam
1403 2208 1472 2259 no·

197 2284 308 2363 stram
324 2287 360 2360 in
384 2309 474 2383 pago
500 2284 558 2365 W
551 2284 748 2385 ormarirnsc
763 2287 800 2361 in
818 2288 919 2373 loco,
950 2285 1013 2382 qui
1027 2285 1162 2359 dicitur
1183 2284 1393 2379 Hagenlreim
1409 2283 1466 2360 su·

125 2429 131 2450 x
198 2412 261 2487 per
282 2388 436 2463 fluvium
454 2388 647 2475 Solutum,
683 2410 766 2484 quae
792 2388 885 2461 mihi
911 2388 957 2462 de
978 2401 1084 2485 parte
1109 2385 1286 2481 genitoris
1305 2385 1379 2459 mei
1399 2410 1465 2461 no·

196 2490 298 2565 mine
324 2487 579 2567 Anotuetmr
606 2488 751 2584 legibus
776 2488 945 2577 obvenit,
972 2488 1033 2562 vel
1056 2484 1299 2584 undecunque
1313 2501 1392 2563 tam
1416 2488 1463 2563 de

198 2592 304 2667 alode
325 2592 434 2687 quaim
457 2592 501 2665 de
514 2604 726 2690 comparato
751 2590 812 2665 seu
826 2590 871 2665 de
887 2589 1053 2687 quolibet
1065 2588 1230 2664 adtrastu
1245 2588 1294 2664 ad
1315 2613 1381 2664 nos
1395 2612 1460 2664 no·

197 2694 310 2768 scitur
333 2692 544 2790 pervenisse,
570 2716 656 2767 cum
681 2693 784 2767 omni
799 2693 1009 2787 integritate
1027 2690 1109 2779 sua,
1136 2690 1254 2777 terris,
1269 2691 1459 2779 domibus,

198 2791 384 2877 aediticiis,
398 2794 549 2885 campis,
561 2794 692 2886 pratis,
706 2794 839 2879 vineis,
865 2792 980 2879 silvis,
994 2793 1125 2890 aquis,
1151 2814 1377 2889 aquarumve
1400 2794 1462 2868 de·

200 2890 386 2976 cursibus,
414 2889 706 2977 farinariis,litis,
721 2892 878 2979 libertiS,
893 2893 1355 2995 gonlibenis,mancipiis,
1382 2916 1461 2968 mo·
1538 2910 1553 2968 ι’

197 2993 338 3073 bisibus
360 2991 398 3067 dt
420 2989 695 3073 immobilibus.
720 2993 862 3091 peculio
876 2996 1064 3093 utriusque
1078 2994 1204 3083 sexus,
1232 3010 1309 3071 tam
1324 2992 1462 3091 majore

198 3096 314 3195 quaim
328 3093 471 3167 minore
487 3114 646 3187 genere,
673 3092 731 3167 vel
751 3108 884 3185 aetate,
911 3096 1084 3193 quicquid
1109 3097 1182 3171 dici
1201 3112 1267 3173 aut
1282 3098 1463 3173 nominari

197 3195 332 3297 potest,
359 3219 398 3271 re
423 3192 640 3291 inexquifita
654 3217 739 3269 curn
761 3198 858 3271 omni
874 3196 1107 3296 supellectile,
1132 3197 1256 3274 ficuta
1271 3200 1462 3274 nobismo-

198 3300 310 3375 demo
337 3312 503 3395 tempore
528 3294 687 3394 poffideri
710 3296 946 3393 dignoscitur,
971 3298 1178 3385 donamuS‚
1202 3300 1383 3375 tradimus
1408 3311 1464 3373 at·

199 3426 269 3499 que
295 3397 616 3486 transfundimus,
644 3396 722 3483 ita,
754 3414 797 3473 ut
819 3402 865 3475 ab
882 3399 953 3473 hac
974 3400 1032 3471 die
1045 3397 1125 3493 jam
1146 3400 1262 3475 didus
1294 3400 1466 3473 dominus

200 3502 455 3597 RudganguS,
483 3498 543 3574 vel
558 3497 608 3573 sui
636 3499 826 3587 monachi,
853 3500 916 3596 qui
940 3498 1076 3575 ibidem
1097 3500 1226 3596 inipso
1249 3497 1466 3575 monasterio

198 3604 366 3679 habitare
388 3602 587 3687 videntur,
614 3602 673 3675 vel
693 3598 905 3673 successores
926 3620 1064 3683 eorum,
1088 3597 1273 3683 babeant,
1298 3612 1465 3695 teneant,

197 3704 240 3780 dt
256 3704 426 3800 quicquid
448 3701 581 3777 exinde
599 3700 728 3779 ‚facere
753 3723 820 3800 pro
841 3697 1088 3799 oportunitate
1112 3699 1185 3773 loci
1210 3697 1318 3799 ipsus
1341 3700 1466 3774 volue-

199 3805 297 3889 rint,
323 3805 473 3881 liberam
496 3802 534 3881 &
547 3802 784 3877 firmiffimam
808 3803 847 3877 in
863 3799 1034 3876 omnibus
1053 3800 1216 3877 habeant
1239 3798 1463 3901 potestatem.

198 3905 243 3983 Si
260 3902 343 4000 quis
356 3926 459 3991 vero,
479 3907 575 4002 quod
588 3904 754 3983 futurum
767 3903 835 3980 esst
849 3928 924 3979 non
937 3903 1147 3991 credimus,
1173 3902 1282 3979 finos
1296 3902 1378 4003 ipsr,
1406 3906 1463 3980 vel

199 4006 337 4108 aliquis
362 4004 408 4081 de
432 4004 634 4085 haeredibus
659 4008 719 4088 vel
746 4004 1023 4186 prohaergdibus
1046 4004 1174 4085 nostris
1210 4006 1270 4085 seu
1295 4004 1465 4187 quffliabet
1557 4100 1571 4129 α

941 4133 965 4191 2
