4000 5417
520 408 616 515 360·
856 480 859 485 „
910 468 918 485 ·
1000 409 1357 493 Tronrrrorrrs

905 814 909 821 .
979 717 1304 812 chxxxffl.

524 850 706 951 Donatr'o
733 850 957 945 Liuthordi
974 854 1021 943 in
1043 858 1172 943 eodem
1193 852 1287 942 villo
1312 880 1415 943 anno
1432 854 1589 948 XIIII
1597 857 1717 972 regni
1731 860 1799 949 do-
1830 866 1837 877 ’

444 1044 446 1047 ,
577 982 580 987 “
639 966 738 1055 mini
753 968 876 1080 nostri
902 967 1075 1086 Pippim‘
1095 968 1226 1083 regis,
1256 969 1514 1059 Gundelondo
1528 972 1683 1059 abbate.

553 1164 579 1216 n
602 1134 737 1216 Christi
753 1136 922 1227 nomine,
947 1160 1017 1233 ego
1041 1134 1270 1213 Liuthardus
1289 1157 1355 1236 pro
1380 1136 1452 1213 Dei
1468 1136 1628 1228 intuitu,
1654 1138 1716 1217 vel
1729 1162 1797 1240 pro

416 1272 423 1281 ¹
577 1242 714 1320 animae
727 1262 822 1317 meae
836 1240 1000 1316 remedio
1016 1239 1076 1316 seu
1092 1238 1131 1317 δι
1144 1260 1211 1339 pro
1224 1253 1364 1315 aeterna
1370 1239 1608 1315 retributione
1621 1262 1686 1341 per
1699 1240 1799 1319 hono

525 1340 716 1423 kartulam
734 1342 944 1421 donationis
963 1342 1037 1418 five
1062 1340 1320 1417 testamenmm
1333 1342 1430 1417 dono
1443 1365 1465 1418 a
1478 1340 1539 1418 die
1553 1336 1729 1442 presente
1749 1344 1802 1422 ad

528 1446 693 1525 fantium
718 1461 923 1541 martyrem
949 1442 1084 1519 Christi
1106 1442 1335 1532 Naznrium,
1361 1443 1426 1541 qui
1448 1444 1646 1541 requiescit
1665 1445 1705 1521 in
1719 1468 1801 1523 cor·

529 1571 618 1651 pore
631 1547 672 1623 in
685 1571 779 1645 pago
794 1545 958 1632 Rinenfi,
984 1546 1024 1621 in
1037 1546 1138 1633 loco,
1165 1546 1227 1621 cui
1241 1544 1467 1623 vocabulum
1481 1545 1533 1621 est
1555 1547 1801 1640 Laureshnm,

531 1672 612 1727 rem
627 1672 750 1724 meam
765 1649 803 1723 in
826 1672 917 1747 pago
931 1644 1179 1746 Lobodoninsc,
1205 1647 1244 1723 in
1257 1647 1357 1735 villa,
1371 1670 1457 1744 quae
1469 1647 1606 1724 dicitur
1629 1646 1802 1751 Horrescet·

531 1750 686 1836 testem,
700 1750 848 1826 vineam
862 1762 1005 1839 meam,
1031 1750 1078 1825 de
1091 1746 1198 1846 cujus
1213 1773 1287 1824 uno
1301 1750 1416 1826 latere
1429 1760 1530 1827 tenet
1553 1749 1734 1840 Norbald,
1756 1750 1804 1829 de

445 1922 447 1927 ,
533 1852 608 1929 alio
623 1851 762 1927 ratione
775 1850 883 1926 santti
896 1850 942 1927 N.
960 1851 1175 1948 attingitur,
1201 1849 1241 1928 dr
1254 1852 1301 1927 de
1315 1876 1391 1928 una
1402 1852 1524 1929 fronte
1539 1863 1667 1929 tenent
1680 1852 1803 1930 Bemo

532 1952 572 2031 δι
587 1952 791 2041 Baldolno‚
819 1954 867 2029 ad
878 1953 1064 2051 integrum
1077 1953 1124 2029 de
1134 1949 1218 2049 jure
1233 1976 1317 2031 meo
1331 1952 1443 2051 injus
1459 1951 1804 2040 &dominationem

533 2053 677 2157 praefati
692 2054 865 2151 martyris
886 2052 1009 2131 trado'
1016 2068 1129 2156 atque
1147 2055 1390 2147 transfundo,
1416 2054 1455 2134 in
1478 2057 1548 2158 Dei
1562 2056 1710 2133 nomine
1723 2078 1806 2156 per·

399 2230 402 2237 .
534 2157 791 2275 petoniiterad
814 2156 1078 2257 poffidendum·
1127 2157 1173 2277 Si
1193 2160 1278 2257 quis
1298 2182 1410 2247 vero,
1437 2158 1535 2255 quod
1551 2156 1720 2233 futurum
1735 2154 1806 2276 elie

362 2337 497 2428 so
535 2254 1591 2465 rziinttititrmtminoren.
1608 2256 1807 2451 Ateii

535 2462 748 2551 Liuthardi,
774 2463 839 2559 qui
853 2462 949 2540 hanc
969 2462 1204 2541 donationem
1223 2459 1356 2576 deride
1375 2458 1516 2560 firmari
1532 2455 1706 2555 rogavit,
1730 2454 1802 2552 fig·
1995 2515 1996 2542 2

536 2588 628 2647 num
641 2563 810 2656 Geraldi,
836 2564 1012 2645 Richnfn
1039 2561 1253 2663 Wiggarius
1267 2558 1411 2662 scriptit-
1835 2579 1838 2583 ⁴

539 2877 720 3031 Donatr’o
740 2903 811 3000 W
802 2904 947 3039 olsgeri
964 2756 1388 3036 ifflcaenno
1414 2892 1568 2990 XIIII
1576 2889 1697 3009 regeri
1708 2891 1810 3011 Pip-

810 3048 906 3137 pem
923 3046 1056 3135 reges,
1086 3010 1341 3109 Gundelando
1369 3008 1523 3099 abbate.
1754 3081 1759 3090 ,

542 3194 595 3329 ln
615 3184 749 3267 Christi
767 3186 941 3277 nomine,
964 3206 1036 3281 ego
1059 3178 1277 3279 wolfgerus
1295 3201 1362 3280 pro
1386 3174 1548 3257 remedio
1569 3171 1707 3255 animae
1727 3194 1810 3249 ma·

593 3291 663 3368 tris
678 3312 774 3369 meae
788 3291 1026 3386 Buggaranae
1038 3287 1100 3364 vel
1115 3308 1190 3387 pro
1206 3297 1347 3361 aetema
1372 3276 1609 3359 retributione
1621 3296 1686 3376 per
1708 3274 1810 3351 hano

537 3393 753 3478 'donationis
765 3394 953 3473 kartulam
970 3388 1044 3466 five
1069 3381 1547 3465 testamentundonoadie
1570 3374 1747 3497 praesente
1755 3375 1810 3452 ad

543 3500 709 3583 sanetum
734 3496 802 3571 Dei
824 3507 1031 3591 martyrem
1054 3487 1286 3579 Nazarium,
1311 3487 1374 3586 qui
1386 3481 1573 3584 requiescit
1592 3504 1633 3558 m
1657 3498 1813 3579 corpore

543 3607 586 3687 in
601 3624 697 3705 pago
712 3594 880 3684 Rinenfi,
906 3596 946 3671 in
961 3592 1188 3683 monasterio,
1202 3589 1304 3691 quod
1315 3605 1470 3667 vocatur
1493 3578 1814 3702 Loureshnmrsu·

595 3730 613 3783 r
626 3702 782 3783 fiuvium
796 3696 953 3781 Wiffcoz
968 3696 1045 3786 fit0,
1059 3698 1133 3773 hoc
1145 3694 1207 3784 est,
1221 3693 1371 3771 vineam
1385 3710 1512 3768 meam
1527 3687 1566 3763 in
1577 3684 1671 3763 villa
1694 3684 1813 3758 Hone-

541 3734 785 3915 Ireurher'heim,
811 3799 851 3877 in
868 3824 963 3901 pago
995 3798 1190 3875 Lotum
1235 3849 1247 3886 ,
1279 3795 1328 3871 ad
1351 3796 1540 3892 integrum
1558 3788 1667 3865 trado
1701 3796 1814 3881 atque

546 3907 764 3993 transfundo
777 3906 824 3983 de
844 3902 927 4001 jure
940 3924 1025 3979 meo
1038 3901 1076 3975 in
1086 3898 1150 3995 jus
1228 3898 1435 3975 dominium
1448 3892 1558 3971 santti
1579 3890 1815 4000 &perpetii-

549 4016 656 4095 oiiter
669 4012 720 4093 ad
743 4002 1016 4112 poffidendum,
1040 4002 1094 4079 ito
1106 4002 1213 4080 utab
1229 4000 1378 4079 hoodie
1399 3997 1442 4078 δι
1455 3997 1630 4099 deinceps
1646 3989 1820 4107 hebenus

1680 4110 1767 4188 Jure

733 4233 869 4371 κί’·
