4000 5417
1044 406 1400 489 Tnnortrosss
1438 478 1442 497 ,
1546 390 1549 402 ’

1020 708 1391 831 DCCLXXXVI.

849 844 1030 941 Donatio
1057 839 1283 935 Landbaldr‘
1309 838 1363 937 8
1391 834 1592 931 Erhardi.

590 1009 726 1150 Anno
738 1013 825 1093 Vill
838 1015 942 1111 regni
953 1012 1094 1089 domini
1118 1008 1310 1087 Ludewici
1324 1008 1577 1107 imperatoris,
1603 1030 1682 1084 nos
1697 1008 1871 1105 Lantbal·

678 1115 748 1191 dus
762 1113 801 1192 ὅ(
828 1116 1017 1192 Ethardus
1031 1115 1214 1189 donamus
1229 1111 1279 1185 ad
1293 1110 1453 1186 landum
1478 1110 1549 1185 Dei
1563 1120 1787 1207 martyrem
1804 1115 1870 1189 Na·

592 1216 739 1290 narium
761 1216 832 1294 ore.
857 1218 1052 1292 dimidium
1078 1212 1249 1290 mansum
1264 1212 1305 1287 in
1329 1210 1590 1315 Bloncka'nstat,
1617 1212 1663 1290 dt
1681 1212 1729 1311 jjj
1749 1212 1870 1311 jurna-

592 1318 673 1406 les,
699 1342 792 1416 quos
806 1318 911 1395 nobis
924 1319 1077 1394 tradidit
1102 1316 1264 1391 Emicho
1278 1338 1393 1391 manu
1408 1314 1664 1413 potestativa,
1689 1332 1741 1393 nt
1752 1340 1818 1417 pro
1832 1342 1870 1393 eo

591 1422 822 1496 traderemus
852 1422 901 1495 ad
910 1418 991 1516 jam
1015 1421 1150 1495 ditium
1166 1420 1305 1505 locum,
1332 1430 1376 1491 ut
1388 1418 1422 1493 ei
1436 1414 1632 1515 proficiant
1647 1421 1756 1494 omni
1782 1436 1869 1496 tem-

591 1544 680 1620 pore
695 1522 990 1617 inaugmentum
1007 1519 1234 1621 stipulatione
1250 1518 1416 1594 subnixa.
1444 1516 1586 1594 Acium
1602 1520 1645 1595 in
1659 1522 1748 1597 villa
1760 1522 1869 1594 Blan-

407 1645 458 1693 ιο.
471 1625 544 1713 idai.
592 1623 735 1723 onustat
750 1624 803 1702 Vl
818 1624 902 1698 idus
919 1621 1019 1721 Maji.
1045 1622 1202 1718 Signum
1218 1620 1416 1695 Lantbaldi
1429 1619 1468 1696 δι
1486 1620 1673 1711 Erhardi,
1698 1622 1762 1719 qni
1770 1622 1867 1697 hanc
1889 1675 1895 1689 .

592 1725 830 1811 donationem
851 1726 965 1816 fecit,
991 1724 1133 1823 signnm
1148 1722 1392 1810 theotbaldi,
1417 1720 1657 1815 Adalhardi,
1688 1724 1863 1821 Egisheri.

589 1827 732 1926 Rihger
756 1827 903 1928 scripfit.
1166 1878 1168 1885 ›

873 1934 880 1945 '
1019 1922 1409 2043 DCCLXXXVII.

1006 2058 1186 2149 Donatio
1214 2055 1459 2180 Lonibarai..

528 2328 536 2338 ‚
592 2237 696 2366 Item
718 2184 904 2345 Lantbald
918 2225 1080 2322 ‘tradidit
1111 2220 1231 2343 lanllo
1257 2223 1417 2299 Nazario
1440 2220 1493 2320 vjj
1523 2223 1655 2323 jornal.
1692 2226 1738 2301 de
1773 2240 1863 2301 terra

643 2343 807 2406 aratoria
820 2345 996 2425 regnante
1022 2328 1171 2404 domino
1193 2324 1312 2401 nostro
1339 2327 1478 2402 Karolo
1503 2352 1603 2405 anno
1627 2328 1739 2415 XLll‚
1761 2328 1861 2407 Villi

408 2428 564 2513 ²4·M²rt·
591 2430 771 2512 kalendas
785 2430 905 2530 April.
955 2430 1161 2507 Altuuinus
1183 2426 1313 2527 scripsi.
1354 2478 1357 2488 ι
1846 2446 1850 2453 ·

1030 2625 1441 2734 DCCLXXXVIlI.

998 2756 1181 2850 Donatio
1211 2754 1481 2880 Emichoniss

596 2923 749 3069 Egoin
774 2923 842 3003 Dei
860 2923 1009 3001 nomine
1033 2925 1193 3002 Emicho
1215 2926 1311 3003 dono
1334 2950 1399 3027 pro
1424 2928 1600 3005 remedio
1625 2926 1749 3003 animae
1770 2944 1877 3025 meae.

674 3028 913 3125 &genitricis
939 3051 1034 3106 meae
1060 3029 1223 3105 Oddanae
1239 3028 1472 3111 adlanlinm
1504 3032 1707 3107 Nazarinrn
1729 3042 1860 3120 marty-

596 3152 674 3207 rem
684 3128 753 3207 &a
777 3129 912 3226 jornal.
931 3156 956 3204 x
983 3133 1029 3205 de
1045 3142 1141 3205 terra
1164 3130 1293 3205 arabili
1317 3132 1355 3204 in
1380 3131 1632 3235 Blanckenflar
1647 3132 1745 3217 sitos,
1772 3128 1860 3202 adie

597 3232 767 3333 praesenti
781 3234 819 3306 in
846 3233 914 3307 Dei
934 3232 1082 3307 nornine
1104 3234 1363 3332 perpetualiter
1383 3232 1620 3331 pollidendos
1645 3231 1861 3333 stipulatione

439 3366 470 3414 1.
484 3344 562 3431 Apo
598 3333 762 3415 subnixa.
817 3332 952 3409 Alium
969 3335 1005 3408 in
1026 3333 1244 3427 monasterio
1269 3334 1486 3411 Laura-lom
1514 3339 1698 3414 kalendas
1721 3330 1858 3431 Aprilis,

599 3462 696 3541 anno
727 3436 830 3512 XLII
857 3435 958 3533 regni
982 3435 1122 3521 domini
1156 3435 1266 3511 nostri
1291 3438 1416 3512 Karoli
1451 3440 1605 3535 gloriosi
1634 3432 1858 3539 imperatoris„

599 3539 752 3634 Signum
768 3538 987 3623 Ekkihardi,
1004 3537 1198 3637 wolfonis
1228 3538 1460 3635 Reginbaldi,
1473 3542 1673 3633 Ratuuini,
1688 3532 1861 3625 Waldolfi.

438 3637 442 3645 ’
473 3655 483 3669 ’·
596 3626 867 3753 lliaganhardi.
919 3638 1111 3741 Altwinus
1126 3638 1271 3739 scripfit.
