4000 5417
536 444 584 531 93
912 417 1099 501 ennon.
1124 436 1187 493 rr
1213 413 1431 499 Curam
1519 518 1523 526 .

1796 602 1806 625 ¹

535 730 642 817 dixi,
667 742 778 825 atque
803 722 1045 810 transfundo,
1072 718 1162 797 srcut
1182 722 1355 822 superiori
1380 727 1525 803 ratione
1549 733 1741 831 propolbi,
1767 735 1810 814 dr

534 828 796 934 promptiffima
820 826 1013 902 voluntate
1032 847 1120 899 cum
1140 847 1256 901 manu
1276 826 1448 901 advocati
1471 831 1547 905 mei
1572 834 1741 931 Herigeri
1766 837 1808 913 in

536 948 753 1035 perpetuum
766 926 968 1013 confirmo,
994 924 1226 1024 stipulatione
1246 927 1425 1015 subnixa,
1451 954 1498 1007 ea
1520 932 1695 1011 videlicet
1717 939 1808 1013 rati·

538 1058 627 1123 one,
654 1046 696 1109 ut
715 1030 866 1106 easdem
891 1024 1119 1127 praescriptas
1143 1047 1221 1115 reS,
1247 1050 1340 1125 quas
1353 1030 1478 1118 trado,
1503 1053 1674 1132 quasque
1687 1062 1708 1111 e
1723 1063 1807 1114 con·

538 1152 598 1214 tra
621 1156 685 1235 per
704 1130 909 1232 precariam
929 1127 1264 1227 complacitationis
1289 1128 1328 1207 &
1341 1131 1449 1205 causa
1471 1132 1806 1224 familiaritatis&

342 1256 347 1266 “
431 1238 442 1313 ss
537 1234 780 1315 fraternitatis
801 1231 985 1307 cartulam
1008 1228 1168 1327 recipere
1189 1230 1334 1319 videor,
1359 1231 1482 1320 idest,
1505 1237 1738 1314 ecclesiolam
1752 1241 1806 1315 in.

538 1340 598 1418 sra
614 1337 730 1437 ipsum
746 1331 1000 1409 monasterium
1017 1328 1142 1417 litam,
1167 1331 1207 1406 in
1223 1354 1298 1427 qua
1322 1334 1496 1429 reliquias
1511 1334 1642 1413 sanstae
1655 1340 1727 1415 Dei
1743 1366 1807 1437 ge-

541 1439 685 1517 nitricis
701 1434 833 1511 lilariae
847 1432 885 1509 δι
899 1432 1029 1507 ranoae
1049 1428 1180 1517 Affrae,
1193 1432 1404 1511 beatilsrmae
1417 1437 1589 1530 martyris
1602 1439 1750 1529 Christi,
1765 1442 1810 1519 ἀ

539 1541 649 1616 santii
664 1534 805 1632 Magni,
818 1534 945 1609 eximii
959 1530 1166 1612 conrelsoris
1180 1533 1325 1622 Christi,
1340 1535 1544 1611 reconditas
1558 1537 1694 1627 habeo,
1710 1566 1810 1619 curn

543 1638 802 1717 mansiunculis
826 1634 865 1711 &
879 1634 1023 1711 caeteris
1037 1633 1239 1710 necessariis
1251 1636 1370 1711 hortis
1395 1636 1433 1713 δι
1449 1639 1581 1736 pratis,
1605 1662 1692 1715 cum
1706 1642 1809 1719 dua-

541 1743 613 1819 bus
627 1739 815 1817 lervilibus
828 1734 1098 1835 praebendis&
1113 1759 1187 1811 una
1202 1737 1422 1813 monachica
1434 1739 1622 1815 michimet
1638 1741 1809 1841 ipsrprae-

541 1844 685 1930 benda,
711 1838 854 1937 insuper
880 1836 1011 1913 villam
1040 1835 1257 1915 Winrnsrcim
1298 1838 1337 1915 δι
1361 1840 1609 1930 Baranam,
1631 1841 1672 1919 dt
1705 1845 1807 1919 siun·

541 1944 714 2031 wenloch,
740 1940 778 2017 δι
791 1936 1043 2023 Liebrrrsbaclr,
1058 1935 1097 2014 &
1121 1938 1379 2039 Liutmslrusen
1394 1966 1483 2019 cum
1502 1944 1646 2020 caeteris
1661 1944 1750 2019 locis
1764 1944 1808 2022 dt

540 2046 684 2123 villulis
709 2043 797 2118 illuc
820 2038 1120 2138 respicientibus,
1145 2039 1312 2116 Scarrom
1333 2041 1373 2118 ὅ(
1397 2043 1536 2127 Bibiloz
1558 2068 1643 2121 cum
1667 2046 1809 2122 curritis

467 2236 471 2251 Ι
509 2162 516 2173 ’
542 2144 737 2225 adomnia
762 2152 965 2242 praenotata
982 2137 1078 2235 juste
1104 2162 1148 2215 ac
1169 2141 1339 2237 legaliter
1361 2144 1444 2219 loca
1467 2144 1741 2239 respicientibus
1764 2145 1808 2223 δι

539 2245 824 2346 pertinentibus,
850 2264 938 2320 cum
951 2238 1129 2328 ecclefiis,
1149 2244 1370 2331 curtilibus,
1395 2242 1582 2329 aedificiis,
1606 2248 1810 2345 mancipiis

539 2349 733 2441 utriusque
748 2343 874 2430 sexus,
899 2343 1024 2431 terris,
1050 2342 1168 2438 agris,
1194 2346 1326 2441 pratis,
1347 2342 1480 2430 vineis,
1495 2342 1657 2440 campis,
1674 2346 1808 2442 sylvis,

540 2448 683 2549 pascuis
701 2498 710 2531 ,
738 2443 870 2539 aquis,
896 2466 1126 2540 aquarumve
1147 2445 1374 2530 decurfibus,
1400 2444 1511 2521 cultis
1526 2445 1616 2520 locis
1632 2444 1672 2523 bt
1687 2448 1810 2526 incul-

540 2550 615 2636 tls,
643 2546 840 2621 mobilibus
863 2545 971 2621 rebus
996 2544 1035 2621 ἀ
1054 2546 1331 2631 immobilibus,
1356 2543 1637 2641 piscationibus,
1663 2550 1810 2627 molen·
1897 2552 1902 2559 ’

539 2648 636 2725 dinis
653 2701 663 2735 ,
680 2646 750 2732 viis
761 2645 801 2722 dc
814 2645 942 2735 inviis,
963 2646 1125 2726 exitibus
1157 2646 1195 2725 δι
1215 2644 1407 2733 reditibus,
1432 2645 1595 2744 quaesitis
1611 2648 1650 2726 ἂ
1664 2650 1807 2748 inquae-

470 2794 475 2807 ·
539 2748 636 2836 fitis,
662 2737 886 2823 nihilextra
900 2749 1198 2845 praetermittens,
1212 2746 1272 2821 sed
1294 2770 1431 2836 omne,
1456 2748 1636 2847 quicquid
1655 2751 1695 2828 in
1717 2750 1805 2850 ipsts

539 2848 756 2953 praescriptis
770 2848 861 2924 locis
875 2849 947 2924 dici
968 2848 1008 2926 δι
1020 2850 1201 2925 nominari
1214 2848 1343 2947 potest,
1368 2861 1491 2925 totum
1506 2850 1552 2926 de
1569 2852 1805 2953 abbateprae·

537 2953 718 3029 nominati
738 2948 1000 3028 monasterii&
1024 2952 1070 3026 de
1093 2947 1269 3028 fratribus
1290 2974 1378 3027 cum
1410 2949 1582 3028 manibus
1603 2956 1805 3031 advocato-

538 3076 624 3129 rum
638 3076 776 3141 eorum,
802 3050 1006 3129 Adaluuini
1019 3052 1058 3129 δι
1082 3052 1280 3140 Bennilini,
1295 3053 1349 3129 ita
1370 3046 1514 3151 suscipio
1527 3052 1567 3127 dt
1589 3052 1727 3128 habere
1742 3057 1804 3131 di-

539 3154 667 3255 spono,
694 3168 735 3231 ut
750 3154 928 3252 quamdiu
954 3155 1034 3229 Deo
1053 3156 1275 3231 concedente
1307 3155 1347 3229 in
1366 3155 1436 3228 hac
1460 3152 1605 3227 mortali
1624 3154 1702 3229 vita
1737 3156 1799 3230 vi·

538 3279 629 3333 xero
643 3310 653 3345 ,
679 3248 817 3354 absque
832 3255 935 3331 omni
952 3256 1236 3333 contradicentis
1259 3255 1424 3332 molestia
1438 3255 1475 3331 in
1487 3253 1668 3355 proprium
1684 3254 1801 3333 usum

529 3363 597 3435 'res
611 3372 810 3455 utrasque,
836 3378 929 3455 quas
947 3357 1057 3445 dedi,
1083 3354 1230 3455 &quas
1242 3380 1307 3456 per
1320 3356 1522 3457 precariam
1536 3353 1684 3454 suscepi,
1698 3356 1797 3434 mihi

537 3460 752 3560 potestative
766 3482 809 3535 ac
824 3458 993 3535 securiter
1018 3482 1062 3535 ac
1083 3458 1205 3554 quiete
1219 3460 1399 3549 obtinere,
1423 3455 1639 3535 ordinare&
1655 3457 1728 3533 frui
1748 3458 1798 3533 li-

538 3575 634 3638 ceat.
687 3558 810 3657 Siquis
836 3581 947 3647 vero,
974 3561 1071 3656 quod
1092 3561 1242 3641 omnino
1275 3586 1349 3637 non
1366 3562 1476 3637 credo
1498 3559 1537 3637 oc
1561 3558 1712 3635 minime
1732 3558 1809 3647 de,

277 3744 287 3758 ,
416 3674 421 3684 ’
537 3660 669 3748 sidero,
694 3660 792 3737 hanc
807 3662 1166 3760 complacitationem
1190 3661 1284 3737 mihi
1297 3662 1542 3759 confregerit,
1569 3660 1681 3736 liceat
1693 3683 1800 3739 meas

423 3822 429 3827 .
537 3764 702 3861 proprias
717 3785 794 3850 res,
819 3784 914 3859 quas
925 3763 1196 3862 per¹lmperiale
1214 3779 1441 3863 praeceptum
1465 3760 1660 3861 acquisivi,
1675 3763 1798 3839 adme

537 3865 693 3939 retinere
719 3866 779 3940 vel
796 3864 938 3951 tradere
955 3886 1175 3958 quocunque
1189 3866 1341 3938 voluero
1332 3887 1359 3975 ἑ·
1374 3865 1450 3960 post
1462 3864 1724 3964 depositionem
1731 3888 1796 3939 au·

534 3972 613 4046 tem
626 3965 838 4067 temporalis
854 3964 941 4105 vitae
956 3986 1071 4087 meae,
1096 3962 1799 4144 limibicomplacitatiomeaitafissrcma
