4000 5417
353 445 358 452 ’
405 469 410 475 ·
445 505 451 534 ,
503 429 596 532 ara
874 436 1062 518 ennon.
1090 455 1153 514 nr
1178 433 1397 537 Cannam

1595 606 1773 630 m

1593 662 1773 680 ..ιι-ιι..

383 790 385 803 ι
501 746 683 821 clmanrm
698 745 745 820 ad
766 741 956 819 eeclesiam
978 742 1092 818 Furde
1108 743 1365 843 aspicientium
1383 743 1520 820 suntin
1538 766 1654 822 manu
1677 772 1770 846 prae·
1891 821 1898 829 .

502 846 632 948 positi,
657 859 792 946 praeter
825 845 953 922 salicas
979 843 1167 933 decimas,
1195 869 1278 942 quae
1298 845 1496 944 respiciunt
1519 847 1769 927 Lauresham·

449 1017 452 1027 .
503 949 665 1025 mensem
683 947 904 1048 portarium,
931 946 1118 1045 &praeter
1143 944 1307 1022 decimas
1324 947 1363 1022 in
1388 946 1585 1037 Erlobnch,
1610 974 1695 1046 quae
1718 955 1768 1028 ad

501 1051 767 1128 villicationem
782 1052 819 1126 in
843 1051 872 1126 F
874 1049 963 1124 urde
978 1049 1180 1147 pertinent,
1206 1074 1257 1125 ex
1271 1050 1405 1146 quibus
1419 1050 1518 1124 idem
1534 1052 1680 1128 villicus
1695 1054 1767 1130 frass

500 1154 621 1229 tribus
634 1153 672 1227 in
697 1149 911 1226 Abrinsbarlr
935 1175 1010 1226 uno
1030 1149 1127 1246 anno
1140 1151 1368 1239 caldariam,
1395 1154 1512 1227 altero
1525 1157 1702 1250 patellam
1728 1157 1769 1232 in

500 1254 590 1332 {esto
606 1255 773 1328 omnium
789 1253 992 1328 sannorum
1007 1253 1211 1329 exhibeat?
1243 1251 1338 1329 Haec
1358 1275 1501 1350 quoque
1522 1257 1572 1337 ad
1593 1257 1767 1334 villicati-

501 1379 612 1434 onem
626 1356 827 1454 pertinent,
842 1354 1014 1430 videlicet
1026 1377 1135 1428 omne
1149 1354 1329 1430 decimale
1343 1354 1484 1430 foenum
1502 1355 1540 1428 in
1558 1357 1766 1448 Columbach,

373 1445 403 1538 s
509 1457 682 1552 Wisgoz‚
708 1453 916 1544 Branbaolr,
941 1454 1122 1531 Steinbaclr
1137 1510 1148 1544 ,
1161 1456 1403 1533 Aldenlclher.
1455 1457 1550 1532 Item
1579 1460 1764 1534 molendi·

504 1581 596 1634 num
613 1559 652 1632 ln
681 1557 828 1654 Wisgoz
853 1557 996 1635 solvens
1014 1555 1042 1653 jj
1062 1556 1193 1632 solidos
1219 1581 1306 1633 cum
1320 1557 1421 1634 huba
1436 1559 1526 1647 sua,
1548 1580 1633 1655 quae
1655 1559 1764 1638 solvit

503 1684 556 1738 xv
578 1659 747 1734 denarios
762 1711 774 1747 ,
790 1659 920 1736 &tota
935 1658 1044 1758 ipfins
1068 1659 1180 1737 hubae
1204 1660 1362 1737 decima.
1395 1661 1490 1737 Item
1513 1660 1551 1734 in
1576 1660 1763 1736 Brcnboclr

497 1760 528 1858 jj
555 1761 698 1858 uneiae,
712 1758 751 1832 in'
774 1761 993 1834 Aldenlether
1013 1759 1043 1857 jj
1066 1761 1171 1835 solidi
1195 1785 1282 1837 cum
1301 1759 1415 1838 huba.
1467 1765 1568 1839 Item
1587 1764 1762 1861 capitales

500 1861 629 1938 census
652 1853 806 1938 familiae
829 1863 876 1936 ad
901 1863 1039 1936 Furden
1058 1865 1301 1962 pertinentis3
1328 1862 1407 1941 &si
1430 1867 1517 1962 quid
1533 1865 1571 1938 in
1588 1863 1763 1963 suppelle-

498 1964 573 2042 fiili
588 1963 824 2037 morientium
840 1962 995 2038 solidum
1011 1979 1077 2040 aut
1091 1965 1214 2042 minus
1229 1965 1341 2042 valet.
1395 1967 1494 2042 Nam
1508 1990 1594 2062 quae
1615 1964 1772 2063 majoros*

497 2064 602 2164 pretii
618 2063 715 2148 sunt,
732 2063 921 2163 praepofito
937 2066 1169 2164 deputantur.
1195 2069 1238 2143 In
1252 2068 1514 2159 haereditatum
1529 2092 1674 2166 quoque
1688 2068 1763 2143 sus·
1903 2083 1908 2088 ’
1945 2051 1950 2054 ’

497 2167 662 2266 ceptione
684 2166 728 2240 de
746 2191 770 2242 v
788 2165 909 2240 solidis
937 2167 1090 2243 ¹villicus
1111 2170 1242 2267 accipit
1257 2170 1423 2257 unciam,
1449 2173 1494 2244 de
1508 2193 1589 2244 xxx
1604 2172 1763 2244 denariis

498 2293 525 2342 x
541 2265 729 2364 denarios.
772 2267 866 2342 Item
900 2269 1152 2345 molendinum
1185 2271 1224 2344 in
1251 2268 1455 2344 Vorcnbaclr
1470 2270 1613 2344 solvens
1638 2269 1758 2366 xxxjjj
1849 2281 1861 2288 ”

497 2369 695 2456 denarios,
721 2367 760 2443 dt
781 2365 837 2463 jjjj
854 2363 995 2458 manfr,
1023 2372 1084 2469 qui
1120 2369 1414 2466 conjunguntur,
1440 2369 1585 2444 solvunt
1595 2391 1647 2464 ω]
1677 2370 1757 2444 soli·

496 2471 590 2558 dos,
618 2469 795 2546 &areola
816 2495 889 2546 una
910 2469 952 2566 jjj
976 2472 1156 2546 denarios.
1210 2473 1303 2546 Item
1322 2471 1361 2543 in
1394 2471 1507 2571 Furde
1534 2466 1589 2564 jjjj
1613 2471 1756 2562 solidos.

495 2573 590 2648 Item
604 2571 737 2647 ibidem
758 2568 848 2669 xvjjj
865 2572 1045 2648 denarios.
1070 2571 1178 2646 Bubo
1200 2595 1258 2664 ex¹
1273 2571 1416 2646 duobus
1437 2571 1572 2645 mansis
1585 2570 1625 2646 nt
1638 2587 1755 2669 prato,

482 2675 594 2770 ·quod
616 2672 748 2748 dicitur
773 2671 1074 2750 Rutbrtlrtosbrucl
1097 2672 1135 2748 dt
1152 2673 1198 2746 de
1211 2668 1285 2748 una
1309 2671 1450 2748 biunda
1469 2697 1552 2751 xxx
1574 2670 1755 2765 denarioS,

493 2775 532 2854 de
546 2776 591 2851 de
606 2775 816 2852 molendino
838 2775 877 2852 in
901 2775 1038 2850 Furdcn
1053 2799 1079 2852 v
1093 2774 1223 2850 uncias
1238 2770 1375 2852 solvere
1389 2775 1511 2853 debet.

568 2974 635 3064 liae
681 3005 821 3092 noque
840 2971 1101 3094 polleliiones'
1111 2977 1155 3064 ὃ(
1179 2973 1354 3078 villulae,
1384 2971 1578 3062 videlicet
1593 2974 1755 3065 Ezzr‘ls·

482 3117 485 3124 ’
577 3004 713 3194 ‘baetin
741 3092 911 3202 Edam,
942 3091 1206 3204 ancfhwn,
1236 3088 1290 3172 ad
1326 3087 1438 3175 idem
1463 3088 1754 3182 monasteiium

489 3203 716 3314 pertinent,
750 3198 1022 3294 Wezzenlocl
1040 3201 1209 3313 quoque
1226 3227 1323 3286 cum
1339 3197 1430 3285 aliis
1447 3262 1458 3301 ,
1483 3227 1580 3318 quae
1596 3227 1753 3285 memo·

488 3315 564 3443 piae
582 3343 665 3399 non
683 3338 932 3417 occurnmt,
961 3331 1142 3426 quarum
1156 3314 1369 3427 penfiones
1392 3315 1436 3401 dt
1448 3314 1634 3423 justitias,
1652 3315 1752 3425 quia

487 3454 532 3510 1n
557 3421 716 3543 scriptis
732 3459 816 3514 non
843 3428 1097 3543 reperimuS,
1124 3423 1345 3512 necellario
1373 3425 1723 3547 praetermisimus·

599 3641 716 3730 Idem
732 3667 900 3754 quoque
928 3641 1183 3730 reverendus
1212 3663 1330 3754 pater
1358 3637 1611 3753 polleffiones
1635 3636 1751 3726 ceilae

485 3749 734 3862 Michlenstat
750 3815 761 3855 ,
777 3755 873 3862 ¹¹five
899 3757 951 3838 ab
980 3751 1298 3840 antecelloribus
1365 3757 1400 3836 is
1437 3753 1519 3839 five
1546 3782 1571 3836 a
1598 3747 1749 3867 seipso

463 3915 467 3932 ι
486 3865 619 3950 eidem
638 3863 730 3951 Ioco
750 3863 923 3951 collatas
943 3926 954 3967 ,
982 3869 1173 3956 annotari
1198 3750 1425 3982 praecgrit,
1455 3861 1596 3955 &hoc
1622 3863 1747 3951 modo

279 3951 282 3958 Ι
368 4027 372 4032 ’
481 3977 526 4068 in
540 3979 724 4091 posteros
749 3977 1021 4068 transmine-
1151 4031 1154 4035 -

1597 4087 1696 4171 XLI,
