4000 5417
525 443 582 498 nrt
609 440 733 497 anno
757 420 1144 533 Lononuunnsr.
1434 429 1510 525 3⁶1

240 730 326 807 fisco
342 729 423 803 auri
439 724 571 802 uncias
582 722 636 821 jfl,
653 724 797 821 argenti
814 724 978 824 pondera
988 721 1017 819 jj
1044 725 1167 799 multa
1183 722 1365 813 sustineat,
1379 722 1423 802 {a
1430 750 1440 801 ε
1454 725 1515 800 sti·
1624 725 1628 732 ’

240 830 430 932 pulatione
451 826 618 903 subnixa.
670 824 807 903 Attum
824 828 864 901 in
888 825 1103 900 lauresham
1117 826 1265 925 publice
1281 827 1344 903 sub
1360 827 1420 901 die
1441 828 1515 905 XII

238 932 383 1031 Aprilis
401 953 498 1006 anno
518 929 590 1007 XV
613 928 717 1025 regni
735 928 875 1003 domini
896 927 1006 1003 nostri
1031 928 1175 1025 Pippini
1192 929 1301 1025 regie.
1354 929 1513 1024 Signum

239 1034 451 1121 waltheri,
478 1030 543 1128 qui
559 1028 658 1105 hanc
683 1029 920 1105 donationem
936 1030 1015 1105 fieri
1043 1028 1081 1105 dr
1096 1028 1238 1105 firmari
1253 1030 1419 1127 rogavit,
1443 1031 1513 1126 fig-

239 1158 332 1215 num
349 1134 526 1211 Dedonis.
553 1134 635 1229 Ego
651 1131 1146 1233 Wiglariusrogatusscripst
1155 1132 1514 1232 hancdonationem.

610 1296 613 1311 '
678 1340 689 1363 ·
782 1326 992 1425 ccxcv.

200 1392 206 1402 ι
266 1462 448 1558 Duratio
478 1458 741 1574 Bleatirfindis
765 1460 807 1548 in
825 1461 953 1546 eudem
971 1460 1066 1549 uilla
1084 1490 1187 1550 anno
1201 1461 1302 1557 XV
1312 1460 1487 1585 Propino·

585 1576 719 1689 regis,
739 1574 993 1665 Gundrlundo
1014 1576 1165 1663 abbate.

237 1716 386 1852 Primo
401 1712 461 1789 die
475 1712 608 1789 mensis
623 1710 781 1809 Augusti
797 1763 809 1800 ,
835 1711 1063 1807 gubernante
1077 1710 1274 1811 imperium
1286 1714 1514 1791 Francorum

316 1814 471 1913 glorioso
485 1838 571 1911 rege
596 1814 771 1915 Pippino,
798 1833 895 1888 anno
911 1836 986 1911 quo
1002 1811 1111 1911 supra
1126 1865 1137 1902 ,
1163 1838 1234 1909 ego
1249 1812 1433 1889 Blautsrnt
1445 1838 1513 1913 pro

236 1914 309 1993 Dei
335 1917 475 1992 intuitu
496 1918 557 1993 vel
580 1938 646 2016 pro
672 1914 837 1991 remedio
852 1914 989 1993 animae
1005 1934 1127 2004 meae,
1151 1914 1215 1989 seu
1230 1912 1269 1991 dt
1284 1937 1351 2014 pro
1369 1928 1512 1992 aetema

237 2016 504 2107 retributione,
529 2030 573 2095 ut
587 2018 737 2095 veniam
762 2028 1000 2116 peccatorum
1025 2038 1194 2094 meorum
1217 2015 1367 2115 adipisci
1390 2040 1415 2092 a
1436 2017 1513 2093 Do·
1553 2081 1558 2086 .

237 2120 341 2195 mino
357 2141 519 2207 merear,
543 2118 722 2219 perhanc
744 2118 933 2194 kartulam
948 2117 1157 2193 donationis
1172 2117 1270 2193 dono
1284 2114 1333 2193 ad
1347 2116 1512 2194 santium

236 2220 308 2297 Dei
326 2234 533 2315 martyrem
559 2221 761 2299 Nazarium
776 2272 787 2309 ,
813 2220 878 2317 qui
892 2218 1086 2317 requiescit
1101 2220 1149 2310 in}
1162 2241 1258 2317 pago
1283 2216 1431 2294 Rinensr
1446 2272 1457 2306 ‚
1472 2220 1512 2298 in

236 2320 475 2408 monasterio,
501 2324 601 2419 quod
617 2334 775 2397 vocatur
798 2320 1052 2407 Lauresham,
1078 2321 1143 2396 ubi
1157 2321 1379 2397 venerabilis
1405 2322 1510 2398 Gun-

236 2422 419 2498 delandus
435 2422 530 2499 abba
541 2422 688 2521 praeesse
710 2421 876 2508 videtur,
892 2422 1147 2520 donatumque
1160 2422 1197 2495 in
1209 2435 1428 2520 perpetuum
1439 2420 1509 2498 effe

233 2524 337 2612 volo,
351 2524 423 2598 hoc
436 2523 514 2612 est,
541 2546 621 2601 rem
643 2545 771 2599 meam
792 2522 832 2597 in
841 2544 936 2621 pago
959 2520 1130 2597 dobodon.
1146 2521 1186 2597 in
1210 2520 1510 2619 Hmrtscuhtsheim

234 2623 385 2701 vineam
407 2623 422 2721 j
450 2625 693 2725 &quidquid
717 2626 757 2700 in
796 2622 1044 2709 anenheim
1077 2623 1207 2699 videor
1229 2622 1393 2713 habere,
1427 2619 1511 2701 tani

235 2724 390 2813 mansis,
416 2730 584 2825 campis,
610 2744 732 2805 totum
748 2724 787 2803 &
811 2726 860 2802 ad
880 2727 1092 2822 integrum,
1117 2720 1259 2818 dejure
1284 2748 1369 2802 meo
1389 2724 1507 2824 injus

235 2824 498 2899 &dominium
521 2828 633 2903 santii
657 2828 810 2903 Nazarii
832 2827 938 2903 trado
955 2841 1070 2924 atque
1095 2826 1314 2915 transfundo
1339 2844 1509 2927 perpetu·
1594 2891 1599 2903 .

237 2924 347 2999 aliter
361 2922 410 2997 ad
426 2922 690 3021 poffidendum,
706 2922 749 3000 ὅ
763 2929 915 3023 reliquo:
942 2950 1030 3002 curn
1049 2926 1145 3001 socio
1159 2926 1244 3003 fisco
1259 2927 1340 3003 auri
1353 2932 1504 3009 unciam

191 3024 194 3036 ’
230 3022 260 3123 j,
276 3025 420 3122 argenti
442 3026 605 3125 pondera
620 3022 675 3121 jjjj
693 3026 814 3102 multa
834 3042 1057 3127 componat,
1082 3026 1315 3128 stipulatione
1335 3028 1504 3108 subnixa.

233 3125 374 3205 Attum
398 3128 440 3203 in
463 3128 679 3203 mansam
700 3128 758 3203 die
784 3128 823 3207 &
847 3145 1036 3229 tempore,
1076 3153 1151 3227 quo
1178 3130 1295 3232 supra.
1346 3132 1508 3230 Signum
1617 3192 1620 3203 .

198 3251 201 3257 '
232 3228 442 3319 Breutsnt,
468 3252 555 3330 quae
569 3229 666 3305 hanc
680 3229 915 3309 donationem
932 3232 1012 3311 fieri
1026 3230 1066 3312 dc
1086 3229 1228 3313 firmari
1247 3234 1414 3333 rogavit,
1433 3234 1505 3331 fig-

233 3354 327 3411 num
352 3330 467 3431 Agio.
520 3332 602 3431 Ego
617 3330 847 3411 Harilandus
860 3334 990 3435 scripsi.

769 3498 1001 3592 CCXCVI.

233 3626 414 3723 Donatio
433 3631 635 3742 Giſslbaldi
650 3634 692 3723 in
710 3634 840 3721 eadem
858 3633 980 3746 uilla,
1010 3658 1114 3719 aneto
1129 3656 1206 3747 quo
1217 3618 1223 3631 ⁸
1221 3634 1375 3751 supra,
1397 3630 1505 3727 Gun-

700 3746 864 3835 delando
893 3746 1046 3837 abbate.
1178 3848 1182 3857 ι

199 3900 202 3907 “
231 3898 285 4033 In
299 3892 433 4013 Christi
448 3900 597 4019 nomine
610 3900 674 3978 sub
689 3901 749 4020 die
770 3900 822 4019 111
834 3900 1023 4018 kalendas·
1062 3896 1168 3988 unii,
1194 3921 1293 3977 anno
1310 3897 1386 4020 .X.V
1399 3881 1514 4019 regni*
1547 3908 1688 4001 29·M⁸j·

284 3995 425 4081 domiui
438 3999 550 4081 nostrl
573 4004 719 4108 Prpptnt
732 4024 856 4102 regns,
881 4028 952 4105 ego
1040 4001 1147 4148 duait
1158 4024 1227 4105 pro
1250 4003 1500 4187 Detmtffiu,
1617 4120 1622 4131 1
