4000 5417
478 435 602 540 ,Suc
631 433 685 550 ιΧΙ
711 433 976 514 Hatxnrco
1002 436 1055 516 1v
1081 445 1188 512 rna.
1429 467 1505 544 207

115 829 118 836 ,
352 735 612 828 Resuscitata
636 737 763 850 igitur
789 764 847 822 ex
870 737 1110 834 cineribus,
1138 741 1181 822 in
1227 739 1350 824 uibus
1367 739 1503 826 conse·

234 855 375 955 derat,
405 849 748 944 Lauresharnenfi
766 845 964 949 ecclesra,
991 846 1165 938 dilettus
1227 879 1279 935 eo
1297 850 1343 938 ἃ
1369 851 1500 938 homi·

232 968 354 1052 ninus
373 987 493 1080 puter
517 957 738 1050 Anselmus
762 989 847 1046 non
874 957 1008 1046 solum
1032 963 1185 1048 ibidem
1202 958 1330 1049 sacrae
1366 962 1500 1081 religi·

233 1083 326 1163 onis
345 1083 535 1191 vigorem
552 1076 748 1160 roborare
768 1135 779 1174 ,
809 1069 1024 1158 sedetiam
1049 1073 1145 1161 alibi
1162 1086 1391 1190 propagare
1420 1079 1497 1164 stu·
1560 1139 1564 1146 -

232 1190 324 1274 duit
343 1251 354 1291 ,
383 1217 515 1303 eaque
533 1189 666 1302 gratia
683 1211 837 1273 novam
858 1183 1005 1270 celiam
1022 1189 1064 1269 in
1081 1211 1225 1274 monte
1243 1177 1500 1294 Abrinsberk,
1547 1197 1555 1203 ’

231 1304 274 1386 in
303 1300 459 1386 honore
487 1297 722 1387 sanatorum
758 1319 992 1409 martynum
1021 1297 1220 1413 Stephani
1245 1300 1290 1386 dt
1315 1301 1498 1390 Lauren-

231 1415 310 1513 tii,
340 1413 599 1514 construxit,
626 1415 772 1524 inquo
791 1437 916 1524 opere
945 1413 1204 1525 praecipuum
1228 1411 1372 1500 habuit
1400 1443 1497 1501 coo·

230 1548 468 1639 peratorem
496 1523 705 1638 quendam
731 1519 1012 1610 venerabilem
1027 1525 1198 1627 virum,
1225 1529 1393 1612 nomine
1420 1529 1497 1617 Di·

231 1657 454 1751 etpertum.
490 1639 532 1728 ls
555 1664 654 1723 cum
672 1659 861 1750 tempore
878 1637 1098 1720 anterioris
1115 1632 1495 1728 Hierosolimitanae

230 1752 510 1863 expeditionis
528 1811 555 1851 ,.
580 1775 677 1862 quae
704 1775 778 1862 per
807 1745 1087 1836 Godefridum
1121 1748 1271 1834 ducem
1307 1755 1494 1838 maxime

227 1885 423 1974 promota
444 1861 521 1964 est,
544 1859 811 1974 quorundam
824 1855 1009 1943 fidelium
1024 1863 1250 1971 pecunias,
1278 1863 1352 1971 qui
1367 1865 1410 1945 in
1427 1891 1496 1945 eo·

229 1972 327 2056 dem
381 1972 566 2059 rocintiu
599 1995 745 2074 erant,
775 1970 886 2086 apud
911 1966 951 2052 se
980 1970 1176 2084 repofitas
1200 1969 1391 2072 haberet,
1418 1974 1497 2056 eis.

227 2109 311 2194 que
358 2082 533 2170 esuntiis
559 2082 696 2170 nullus
725 2083 855 2186 ess'et,
892 2083 966 2192 qui
993 2109 1066 2166 eas
1093 2077 1161 2168 vei
1190 2084 1496 2168 testamentario

225 2191 293 2280 vel
314 2193 578 2281 haereditario
591 2198 684 2305 jure
703 2213 940 2310 repeteret,
961 2191 1182 2278 haeredem
1205 2222 1352 2278 earum
1380 2193 1498 2284 Chri·

223 2302 329 2390 stum
354 2305 511 2408 facere,
529 2336 612 2392 non
632 2336 676 2392 ra
706 2310 820 2391 inam
836 2306 1062 2390 arbitratus
1080 2304 1148 2390 est.
1177 2304 1299 2414 Quas
1316 2303 1496 2392 ecclesiae

225 2413 384 2504 oblatas
413 2419 541 2504 abbas
567 2422 610 2504 in
642 2335 846 2504 inimicam
871 2415 1059 2526 ejusdem
1086 2417 1321 2505 monasterii
1338 2445 1494 2532 expen-

224 2525 284 2614 dit
303 2591 315 2632 ,
343 2557 478 2644 eoque
495 2527 788 2634 venustiffime‚
814 2551 863 2616 ut
877 2531 990 2614 cerni
1007 2529 1152 2633 datur,
1172 2528 1403 2632 exstrutio,
1422 2527 1493 2614 ali-

223 2669 344 2727 orum
381 2670 548 2756 quoque
588 2640 771 2730 fidelium
817 2641 900 2730 Dei
938 2641 1159 2728 accedente
1193 2641 1493 2744 beneficientia,

222 2750 366 2838 decena
403 2755 601 2840 fratribus
628 2758 727 2860 inibi
762 2752 978 2838 neceiiaria
1014 2749 1261 2840 sufficienter
1289 2753 1489 2842 adtraxit.

220 2862 451 2970 Quomodo
467 2893 571 2946 vero
600 2862 680 2976 ipse
700 2867 829 2949 abbas
856 2870 1057 2952 terminos
1081 2869 1243 2964 montis
1263 2894 1312 2949 ac
1330 2863 1489 2978 sylvae,

252 3001 330 3057 uos
351 2971 487 3055 eidem
513 2969 627 3053 celiae
656 2974 883 3074 adtribuit,
912 2981 1155 3063 aterminis
1179 2973 1306 3064 santa
1331 2977 1489 3066 Micha-

220 2997 296 3170 {iis
314 3086 439 3169 certis
457 3080 661 3168 limitibus
685 3079 953 3192 discreverit,
990 3091 1271 3178 testimonium
1291 3088 1413 3204 ipsius
1446 3091 1491 3176 in

217 3179 222 3188 a

220 3196 406 3285 medium
435 3193 702 3283 adducamus.

765 3360 1013 3506 cxxxut.
1057 3457 1060 3464 -

215 3541 280 3634 Dr
297 3559 423 3632 monte
441 3527 691 3664 Abrjnsbcrg
707 3536 759 3638 ὃ
776 3547 861 3656 ejus
870 3548 1111 3655 fundatione
1128 3545 1181 3646 δέ
1196 3539 1487 3658 construfflone.
1547 3498 1552 3510 „
1679 3503 1687 3514 Ι

214 3709 463 3848 Νοτιιιηρῐΐε
480 3711 655 3786 volumus
671 3710 843 3826 omnibus
858 3709 897 3784 in
923 3711 1065 3828 §bristo
1079 3711 1273 3825 fidelibus,
1300 3725 1378 3785 tam
1392 3731 1489 3828 prae3
1509 3801 1518 3808 ¹
1581 3801 1587 3812 ι

297 3807 459 3890 sentibus
493 3835 609 3908 quam
631 3811 798 3900 futuras,
832 3813 990 3908 qualiter
1011 3837 1080 3908 ego
1105 3811 1392 3899 nossemus,
1418 3811 1488 3888 Del

134 3942 140 3950 ·
213 3910 333 4004 gratia
348 3911 672 3993 Laureshamenfis
688 3913 848 3990 ecclefiae
864 3915 997 4001 abbas,
1025 3937 1111 3989 cum
1126 3913 1314 3988 communi
1330 3912 1488 3992 fratrum

184 4071 190 4076 -
214 4009 253 4087 ἂ
268 4012 558 4094 ministerialium
574 4029 863 4116 caeterorumque
879 4016 1086 4099 amicorum
1109 4013 1313 4095 nostrorum
1330 4015 1487 4195 εοηὲἓιίο
1525 4065 1529 4070 ‚
1599 4032 1617 4044 ··
