4000 5417
391 425 396 435 .
432 342 435 347 ’
495 380 581 465 ,333
957 360 1320 444 Tnamuouns

504 667 654 746 donatio
668 666 734 743 ista
758 667 1039 767 omnitempore
1060 668 1166 745 firma
1182 670 1221 747 δι
1237 668 1375 747 stabilis
1399 685 1645 772 permaneat,
1668 672 1778 773 stipu-

504 771 641 848 latione
658 769 823 845 subnixa.
864 769 1000 845 Aftum
1015 772 1053 845 in
1068 770 1285 847 monasterio
1307 772 1540 849 Lautesham
1553 774 1612 849 die
1625 774 1664 851 δι
1681 788 1777 850 tem·

507 895 595 973 pore
618 893 691 969 quo
708 870 825 971 supra.
860 872 963 968 sign.
991 873 1367 961 Hudricidcsseccae,
1393 872 1561 970 conjugis
1581 873 1688 971 ejus,
1713 877 1778 972 qui

392 1028 398 1038 ·
508 978 606 1051 hanc
622 974 857 1050 donationem
872 972 950 1047 fieri
976 973 1015 1050 dt
1032 974 1171 1051 firmari
1186 989 1437 1069 rogaverunt,
1465 975 1527 1069 sig.
1555 977 1777 1065 Haotiionis,

508 1074 713 1172 Hugberti‚
741 1075 940 1160 menanti,
969 1076 1156 1163 Fricitoifi,
1182 1074 1417 1164 Friduuuini‚
1443 1076 1662 1163 Wiiiiberti,
1678 1078 1779 1152 Nan·

510 1178 626 1266 droti,
654 1174 829 1270 Helingi,
858 1175 1070 1260 Eetihardi.
1123 1178 1206 1274 Ego
1231 1176 1647 1273 Grimmariusrogatus
1663 1176 1780 1277 scripsi

509 1280 607 1359 hanc
622 1278 857 1355 donationem
872 1276 910 1354 dt
934 1276 1128 1378 subscripsi.
1193 1332 1197 1338 -
1565 1314 1573 1330 ·

1000 1472 1297 1573 CCCXXVII.

513 1622 694 1725 Donatio
720 1618 954 1711 Hartdradi
973 1619 1015 1708 in
1033 1622 1162 1708 eadem
1188 1622 1282 1710 villo
1305 1624 1430 1716 XVI
1450 1624 1632 1713 kalendas
1658 1624 1783 1745 3¹⁴5?

439 1750 445 1759 ”
569 1766 671 1827 auno
690 1735 742 1825 X
761 1734 879 1845 regni
906 1732 1200 1845 domini.nosiri
1233 1737 1382 1827 Karoli
1405 1738 1547 1853 regis,
1575 1740 1727 1831 Gaude·

537 1904 540 1909 ,
993 1847 1110 1933 lando
1139 1848 1291 1936 abbate.
1569 1873 1573 1882 ·

566 2043 614 2117 go
638 2012 874 2093 Hartdradus
897 2011 993 2087 dono
1028 2012 1259 2091 adstantium
1280 1999 1487 2114 martyrem
1512 2016 1645 2095 Christi
1664 2017 1783 2095 Naza-

592 2122 706 2206 rium,
732 2116 796 2212 qui
811 2112 998 2211 requiescit
1012 2114 1050 2197 in
1065 2138 1162 2213 pago
1171 2116 1316 2193 Rinenss
1331 2113 1492 2217 corpore,
1503 2120 1542 2193 in
1556 2120 1783 2206 monasterio,

515 2223 616 2321 quod
641 2232 794 2297 vocatur
819 2214 1079 2305 Lauresham,
1106 2218 1212 2315 super
1232 2219 1387 2313 fluvium
1422 2218 1575 2298 Wiffcoz
1597 2219 1690 2304 fito,
1716 2218 1781 2297 ubi

514 2321 736 2402 venerabilis
757 2316 851 2395 abba
877 2317 1143 2393 Gundelandus
1167 2317 1310 2415 praeesse
1335 2320 1502 2403 videtur,
1528 2319 1778 2410 donatumque

514 2428 555 2503 in
581 2437 796 2523 perpetuum
821 2416 889 2492 eise
910 2421 1021 2507 volo,
1055 2420 1125 2493 hoc
1146 2420 1220 2504 est,
1254 2418 1294 2491 in
1326 2414 1621 2513 Hantscuhesheim
1659 2436 1775 2489 unam

563 2528 689 2601 tiolam
706 2524 750 2598 de
765 2544 838 2595 uno
856 2518 1000 2608 manso,
1026 2520 1084 2594 cui
1099 2520 1144 2591 de
1156 2516 1171 2611 j
1187 2519 1301 2592 latere
1318 2515 1545 2613 subjungitur
1559 2517 1654 2593 tatio
1671 2514 1782 2591 santii

555 2684 564 2703 .
592 2628 638 2703 de
663 2626 735 2701 aiio
757 2636 857 2699 tenet
881 2620 1090 2705 Starcheri,
1116 2618 1155 2693 dt
1177 2618 1292 2693 aliam
1312 2619 1510 2717 petiolam,
1537 2619 1602 2692 ubi
1627 2617 1781 2695 basilica

514 2730 623 2807 santii
655 2725 802 2805 Nazarii
817 2726 854 2799 in
885 2723 1014 2799 eadem
1028 2721 1117 2821 viiia
1142 2717 1342 2795 construua
1361 2719 1439 2807 est,
1465 2744 1490 2795 a
1512 2718 1571 2792 die
1607 2718 1786 2817 praesente

515 2832 623 2909 trado
638 2846 749 2927 atque
764 2824 981 2902 transfundo
998 2876 1009 2911 ‚
1033 2822 1099 2908 ita,
1125 2834 1167 2895 ut
1179 2821 1353 2919 deinceps
1368 2821 1417 2895 ad
1432 2821 1548 2917 ipsum
1564 2822 1690 2896 locum
1707 2820 1786 2896 san·

516 2935 633 3019 tium,
660 2934 719 3008 vel
734 2930 782 3005 ad
796 2942 947 3023 agentes
962 2922 1070 3023 ipsius
1084 2920 1251 3019 proficiat
1275 2921 1316 2995 in
1330 2922 1542 3017 augmentis
1558 2920 1786 3019 stipulatione

518 3032 685 3107 subnixa.
729 3031 865 3105 Atium
884 3030 921 3103 in
938 3023 1155 3100 monasterio
1169 3022 1382 3097 Lauresizom
1398 3020 1506 3099 die&
1521 3036 1695 3119 tempore,
1709 3045 1785 3117 quo

515 3134 633 3232 supra.
684 3132 841 3228 Signum
857 3128 1085 3214 Hartdradi,
1112 3124 1174 3222 qui
1198 3124 1294 3199 hanc
1322 3126 1555 3200 donatiouem
1577 3123 1687 3209 fecit,
1713 3122 1737 3196 s
1740 3144 1784 3217 g·

516 3259 607 3313 num
622 3234 834 3321 Hariberti,
861 3229 1046 3317 Rutheri,
1074 3225 1328 3317 Etckanfridi,
1354 3226 1547 3316 Nortiteri,
1571 3224 1782 3313 Rutunda,

516 3336 735 3417 Bernhardi.
788 3336 870 3431 Ego
886 3329 1135 3411 Grimmarius
1150 3324 1280 3429 scripsi.
