4000 5417
379 495 418 601 J
504 487 610 566 sne.
637 485 692 566 XI
717 485 978 564 Hsru'ruco
1005 483 1058 565 IV
1083 501 1231 588 nanu.
1419 499 1491 581 187

198 797 315 877 ‘anno
331 795 537 874 Dominicae
553 792 816 869 incarnationis
833 790 1033 878 MLXVII,
1048 787 1241 864 indiiiione
1256 789 1303 875 V,
1312 808 1409 861 anno
1425 807 1492 860 au·

159 912 163 921 ’
219 915 295 978 tem
321 896 564 975 ordinationis
586 895 724 970 domini
749 893 916 970 Heinrici
934 893 1056 992 quarti
1071 891 1169 988 regis
1190 889 1274 978 XV,
1289 888 1393 986 regni
1405 909 1492 966 vero

219 1003 284 1080 XI.
312 1001 449 1078 Astun
471 997 613 1114 Wiin'ar
627 996 785 1073 feliciter
801 1015 928 1076 amen.

1547 857 1645 946 1067?

218 1207 499 1380 Praeterea*
527 1193 776 1287 venerabilis
803 1217 923 1313 pater
951 1190 1204 1298 Udalricus,
1234 1192 1288 1284 ad
1307 1190 1707 1310 apostoli-tudites.

314 1343 408 1401 cam
423 1309 562 1400 sedem
579 1307 790 1426 professus
807 1371 819 1411 ,
837 1330 884 1395 ut
902 1337 1049 1394 omnes
1067 1307 1298 1396 Premenfis
1315 1303 1493 1423 episcopi

223 1452 400 1516 conatus
426 1425 471 1514 dr
497 1424 644 1526 actus,
672 1422 826 1535 quibus
851 1417 1194 1529 ecclesiam-suam
1223 1425 1492 1541 impugnave-

223 1561 321 1644 rat,
350 1545 392 1625 in
416 1541 581 1625 irritum
610 1557 829 1622 revocaret
844 1533 889 1623 δι
907 1557 1111 1650 perpetuo
1140 1533 1383 1636 damnaret,
1410 1534 1505 1648 pri·'

227 1651 428 1768 vilegium
446 1649 649 1737 libertatis
666 1649 719 1734 ab
744 1646 927 1736 Adriano
957 1648 1047 1760 (a)
1075 1675 1182 1761 papa
1201 1648 1391 1761 accepit,
1417 1647 1492 1759 qui

224 1763 524 1851 antecessorum
559 1757 730 1850 suorum
759 1759 927 1856 decreta
949 1755 1022 1845 sua
1049 1785 1218 1872 quoque
1246 1757 1493 1846 austeritate

192 1879 456 1965 roboravit.
558 1908 560 1912 ¹

777 1999 1003 2096 CXXVII·
1137 2023 1143 2032 ·

256 2151 438 2250 Adriani
454 2164 476 2209 ¹*
484 2179 624 2272 papae
648 2153 695 2240 de
713 2153 896 2241 libertate
923 2145 1265 2262 Laurrrsramrnsss
1280 2142 1459 2260 ecrlrstnr.
1535 2153 1689 2232 mutar.

224 2318 467 2458 Amerinus
501 2319 839 2417 episcopusservus
866 2319 1053 2395 servorum
1087 2317 1182 2404 Dei,
1213 2316 1431 2392 dilestissrmo
1455 2314 1496 2392 in

310 2421 467 2496 Domino
492 2419 570 2518 filio
596 2421 798 2509 Udalriuo,
824 2419 989 2514 religioso
1014 2418 1139 2494 abbati
1153 2418 1372 2494 venerabilis
1397 2419 1495 2493 Lau·

226 2520 466 2598 reshamensrs
486 2520 664 2609 ecclesrae,
689 2521 728 2600 dc
742 2535 858 2621 perte
883 2523 923 2596 in
943 2521 1075 2596 eodem
1097 2519 1299 2600 venerabili
1319 2519 1496 2594 monaste-

110 2655 114 2670 ·
227 2625 300 2711 rio,
325 2621 651 2720 successoribusque
667 2623 742 2698 tuis
757 2625 1039 2723 inperpetuum.
1093 2621 1237 2696 Divinis
1252 2618 1497 2720 praeceptis&

228 2723 428 2823 apostolicis
442 2725 592 2800 monitis
607 2724 816 2813 incitamur,
830 2739 873 2801 ut
888 2747 954 2825 pro
970 2723 1136 2798 omnium
1150 2719 1384 2798 ecclesrarum
1401 2721 1496 2798 statu
1780 2805 1785 2818 ⁴

227 2827 368 2922 inpigro
384 2825 580 2918 vigilemus
589 2823 740 2912 affedu,
765 2827 941 2924 piamque
955 2824 1190 2902 devotionem
1204 2826 1264 2900 vel
1281 2825 1401 2900 santia
1414 2826 1497 2899 loca
1731 2823 1742 2862 ⁸

230 2924 535 3008 construentium,
570 2924 630 2995 vel
644 2947 773 2996 eorum
798 2926 971 3021 quieti&
988 2927 1070 3002 usui
1093 2926 1372 3011 consulentium,
1392 2926 1495 3001 beni·

230 3047 305 3123 gno
318 3021 445 3099 lavore
470 3017 740 3120 prosequamur.
795 3025 911 3202 lgiqqr
933 3027 1022 3120 quia
1053 3027 1275 3102 excellentia
1300 3027 1500 3126 spirimalis
1625 3074 1653 3132 1

729 3193 735 3204 .
916 3149 988 3202 aa
1384 3129 1453 3204 filii

274 3278 344 3362 (a)
362 3277 456 3356 Error
465 3274 498 3338 in
514 3273 643 3338 nourine
655 3273 820 3356 pontificis.
842 3275 908 3344 Sub
921 3277 1115 3348 HenricolV
1129 3279 1201 3354 sane
1215 3279 1327 3344 nullus
1341 3279 1499 3346 Adrianus
1613 3299 1621 3314 ·

316 3383 394 3448 papa
409 3362 481 3426 suit
524 3360 627 3424 Fuere
640 3361 705 3424 duo
720 3361 783 3443 ipso
806 3383 883 3446 rege
897 3389 917 3438 ,¹
928 3375 1004 3427 ante
1019 3366 1207 3446 dignitatem
1224 3367 1418 3448 imperialem
1434 3364 1501 3428 Ro·

315 3471 378 3514 mae
401 3459 584 3529 acceptam,
607 3445 788 3510 Alexander
805 3447 855 3523 II,
877 3449 911 3514 ἃ
945 3448 1115 3531 Gregorius
1135 3451 1210 3519 Vll.
1232 3452 1292 3514 llle
1306 3453 1346 3514 ab
1365 3469 1392 3513 a.
1416 3451 1501 3513 1061

317 3533 472 3617 usquead
492 3549 575 3614 1073
588 3529 725 3596 eccleliae
741 3531 883 3613 prefuit,
905 3535 956 3596 hic
968 3533 1120 3609 successit,
1142 3534 1177 3599 dr
1190 3537 1284 3598 rebus
1297 3537 1442 3599 humanis
1465 3551 1496 3597 a.
1534 3551 1536 3555 ·

320 3623 404 3696 1086
420 3627 548 3700 ereptus
564 3618 619 3680 est.
667 3617 834 3682 Udalricus
850 3627 956 3681 antem
972 3619 1066 3682 abbas
1081 3641 1153 3683 cum
1168 3621 1259 3702 supra
1271 3639 1322 3683 an.
1342 3620 1502 3701 107611011

323 3703 470 3776 vixisset,
499 3703 650 3786 bullaque
680 3703 843 3787 pontificia
865 3703 999 3786 sequens
1026 3707 1099 3767 data
1112 3704 1150 3768 fit
1171 3725 1254 3768 anno
1280 3704 1355 3769 Vlil
1377 3702 1504 3786 pontifi·

254 3789 257 3801 '
291 3843 296 3853 .
320 3801 439 3862 catus,
460 3807 524 3852 non
540 3787 682 3872 Gregorii
704 3787 766 3854 esse
787 3791 914 3873 potest,
935 3788 987 3852 sed
1007 3790 1198 3863 Alexandri,
1220 3790 1272 3852 cui
1285 3809 1351 3873 prae
1366 3789 1421 3852 illo
1434 3791 1505 3854 bul-

320 3877 384 3939 lam
397 3874 476 3936 hanc
499 3875 716 3939 vindicandam
730 3875 815 3952 esse,
836 3878 898 3940 alia
913 3876 1046 3960 quoque
1067 3876 1156 3938 nobis
1180 3875 1375 3959 persuadent.
1397 3875 1504 3957 Suspi-

321 3979 375 4024 cor
391 3961 515 4022 literam
529 3973 655 4024 tanturn
671 3965 808 4027 nominis
823 3961 978 4026 initialem
1000 3963 1042 4026 A.
1065 3965 1099 4026 in
1109 3964 1278 4045 exemplari
1291 3960 1431 4045 scriptam
1450 3958 1507 4035 ‚dc

324 4046 470 4204 21AEan
480 4048 649 4201 qnonaclio,
662 4047 857 4117 successionis
869 4046 1057 4136 pontificum
1072 4048 1194 4134 ignaro,
1208 4048 1388 4122 Adriaaum
1401 4047 1505 4114 fabre·
1613 4131 1616 4138 Ι

199 4193 204 4198 .
462 4153 480 4196 e
504 4153 532 4203 e.
883 4149 887 4158 ·
