4000 5417
481 475 558 552 rgo
820 521 823 538 ,
884 447 1069 530 Cannu.
1095 467 1156 528 ιτ
1181 447 1399 543 Caram

477 612 1753 651 ww·-

478 667 1754 701 ----------------..-...

376 745 378 752 “
480 758 613 847 licuit,
639 757 798 859 liullius
822 758 931 858 pretii
952 757 1072 836 vestra
1096 757 1295 834 autioritas
1309 758 1349 837 dt
1371 761 1558 836 omnium'
1574 766 1755 845 bonorum

481 861 644 956 dignitas
658 860 757 960 apud
771 885 835 936 eos
850 861 956 938 foret.
1007 859 1083 937 Sed
1095 861 1176 938 sane
1191 885 1259 938 vos
1275 883 1364 938 cum
1388 865 1492 940 omni
1505 887 1617 960 regno
1633 869 1673 944 in
1686 894 1755 943 no·

483 961 556 1039 stra
571 961 702 1058 injuria
717 962 870 1061 despeiii
895 962 994 1042 estis,
1045 964 1105 1038 Ex
1123 962 1303 1060 inproviso
1324 989 1486 1062 namque
1500 969 1650 1064 quidam
1673 993 1754 1045 mo·
1792 1031 1796 1050 ,

372 1125 380 1136 .
485 1064 613 1142 nastici
625 1064 785 1139 nominis
802 1067 847 1140 de
873 1061 1069 1162 Hirsaugia
1086 1067 1135 1140 ad
1148 1087 1241 1153 noe,
1268 1064 1368 1161 quast
1383 1069 1431 1143 ad
1446 1071 1630 1145 auxilium
1644 1071 1755 1149 nostri

485 1166 658 1262 collegii,
685 1179 890 1253 venerunt,
917 1189 991 1243 non
1007 1164 1098 1240 ficut
1110 1164 1150 1240 in
1175 1165 1318 1241 Christo
1340 1168 1496 1258 iratreS,
1523 1197 1597 1246 non
1617 1188 1660 1248 ut
1683 1174 1767 1250 hu··
1838 1210 1843 1220 ¹

484 1267 619 1357 miles,
647 1266 708 1344 sed
723 1265 813 1342 srcut
827 1267 1148 1366 depraedatores&
1162 1265 1373 1346 vastatores.
1424 1271 1491 1345 Hii
1514 1274 1654 1353 etenim
1679 1299 1755 1352 non

482 1369 605 1446 solum
618 1391 686 1444 nos
699 1368 889 1466 nostraque
915 1368 1094 1444 consortia
1112 1368 1354 1467 spernebant,
1379 1394 1511 1448 verum
1525 1375 1640 1450 etiam
1656 1397 1755 1454 unus

483 1497 533 1549 ex
546 1473 611 1562 eis,
624 1471 884 1548 'Ermonaldus
899 1471 1048 1546 nomine
1066 1525 1077 1559 ,
1102 1472 1205 1570 prius
1221 1472 1397 1571 incipiens
1412 1494 1538 1570 gerere
1562 1477 1755 1572 magistra-

420 1601 428 1612 ·
483 1586 593 1662 tum,
619 1596 735 1671 quarn
754 1574 882 1662 scires,
907 1597 981 1648 non
1005 1574 1106 1672 prius
1130 1573 1293 1649 furorem
1312 1574 1417 1651 suum
1441 1577 1651 1673 mitigavit,
1678 1601 1754 1676 quo

484 1697 604 1772 usque
620 1676 693 1751 srne
707 1690 890 1775 praecepto
902 1676 1046 1752 abbatis
1060 1697 1191 1751 omnes
1216 1699 1284 1751 nos
1300 1679 1514 1755 exhaeredes
1529 1680 1637 1755 nostri
1650 1682 1755 1755 clau·=

407 1865 412 1874 ,
482 1777 782 1855 straliseonsortii
807 1775 961 1866 effecit,
988 1776 1111 1864 &sua
1124 1778 1302 1854 violentia
1322 1803 1441 1855 unum
1467 1781 1543 1879 post
1557 1781 1675 1858 alium
1708 1783 1756 1857 de
1831 1871 1834 1875 ¹

483 1879 638 1956 claustro
652 1879 829 1972 detmsrt3
857 1876 897 1956 dc
919 1891 962 1956 ut
981 1877 1123 1975 srngula
1147 1879 1275 1957 vestrae
1294 1883 1507 1981 paternitati
1530 1883 1758 1982 pandamus,

481 2001 630 2080 quaeex
651 1981 815 2058 adventu
834 2003 964 2056 eorum
987 1981 1137 2082 perpelli
1157 1981 1308 2071 sumus,
1333 1985 1517 2088 Brugnod,
1542 1985 1755 2082 Longungn,
1862 2043 1869 2052 .

482 2083 644 2179 Gingrn,
667 2079 977 2180 Lialbrrersrusen,
1004 2083 1178 2159 theloneo
1193 2082 1233 2161 dr
1259 2085 1382 2162 banno
1397 2108 1582 2186 aquarum
1606 2089 1646 2163 in
1675 2087 1757 2167 W·

480 2187 630 2260 mereim
646 2184 834 2284 despoliati
859 2183 1012 2274 sumus,
1037 2185 1078 2261 dr
1097 2186 1267 2281 tyrannis
1282 2189 1407 2284 potius
1433 2211 1546 2286 quam
1570 2188 1758 2264 militibus

479 2284 521 2361 in
534 2285 710 2361 beneficia
731 2287 867 2362 tradita
893 2285 1000 2375 sunt,
1028 2309 1112 2384 quae
1136 2284 1385 2380 religiosissimi
1410 2290 1479 2362 viri
1511 2289 1755 2366 servientibus

479 2409 570 2464 vera
582 2387 716 2464 militia
730 2389 811 2462 Deo
823 2384 863 2464 dt
876 2386 995 2466 saniio
1021 2387 1181 2463 Nazario
1196 2408 1261 2484 pro
1274 2387 1437 2462 remedio
1449 2387 1660 2462 ammarum
1671 2387 1751 2462 sua·

479 2511 565 2564 rum
590 2489 831 2564 tradidemnt.
884 2489 1003 2588 Super
1027 2487 1108 2566 haec
1134 2488 1261 2561 omnia
1286 2511 1430 2585 quoque
1461 2488 1690 2564 frumentum
1713 2487 1757 2566 &

480 2591 623 2680 vinum,
643 2590 800 2668 fratrum
817 2589 1036 2668 vidualibus
1049 2589 1268 2676 eminentia,
1296 2588 1342 2663 ab
1355 2589 1410 2663 eis
1423 2587 1495 2663 boc
1510 2611 1607 2663 anno
1621 2589 1755 2688 disper·

480 2689 563 2767 surn
584 2691 662 2782 est,
688 2692 794 2769 &ex
827 2713 956 2768 eorum
982 2689 1306 2788 conspirationibus
1328 2689 1451 2766 omnis
1476 2689 1621 2767 familia
1643 2689 1755 2767 santii

480 2793 654 2884 Nazarii,
679 2795 849 2872 videlicet
862 2791 1115 2870 ministeriales
1133 2789 1174 2868 &
1199 2791 1347 2868 hubarii
1360 2813 1523 2882 omnes,
1549 2791 1754 2892 depraedati

481 2895 591 2984 sunt,
616 2897 655 2976 δι
676 2898 794 2974 solum
814 2897 886 2972 hac
906 2892 1094 2971 occasione
1119 2905 1320 2970 autumant
1340 2893 1503 2970 nostram
1533 2894 1754 2971 converbti·
1813 2911 1816 2916 ·

481 3021 591 3076 onem
613 2997 932 3100 reprehensrbilem
947 2995 1042 3084 esse,
1067 3008 1111 3072 ut
1126 2996 1195 3072 tali
1217 2993 1469 3072 diffamatione
1495 2995 1603 3072 nobis
1626 2997 1755 3095 erpul-

481 3099 528 3174 fis
543 3095 845 3201 peentnostran
869 3099 1126 3180 haereditatem
1140 3097 1308 3174 retinere.
1361 3099 1443 3185 Quo
1456 3110 1615 3193 exurgat
1627 3120 1755 3196 preca·

481 3225 566 3286 mur
580 3227 650 3281 vos
666 3203 706 3279 in
721 3203 901 3292 Domino,
927 3199 1135 3278 sanstilsrme
1149 3223 1245 3300 papa
1269 3197 1456 3288 Paschali,
1482 3197 1601 3276 vestra
1612 3197 1754 3298 aposto-

478 3305 552 3380 lica
566 3306 763 3382 auiioritas
779 3327 866 3381 curn
891 3305 1033 3381 virtute
1049 3304 1218 3380 omniurn
1243 3301 1443 3389 bonorum,
1469 3300 1693 3376 &decernat
1708 3323 1754 3376 ac
1807 3376 1812 3384 ,

279 3407 281 3415 ’
396 3449 399 3458 .
478 3409 667 3506 praecipiat
688 3431 753 3482 eos
768 3405 816 3482 ad
842 3405 1033 3506 pristinum
1053 3407 1180 3486 locum
1199 3401 1490 3481 conversationis
1520 3401 1593 3478 suae
1607 3401 1753 3490 redire,

478 3509 599 3585 &nos
615 3531 761 3608 quoque
776 3505 1084 3608 nostrarecipere.
1138 3506 1313 3594 Scilicet,
1338 3518 1381 3581 ut
1394 3527 1566 3605 perros,
1592 3504 1656 3601 qui
1681 3505 1754 3578 Pa-

479 3609 603 3686 schale
617 3633 753 3686 nornen
768 3610 815 3686 ab
841 3610 1055 3686 hominibus
1070 3609 1251 3686 meruistis
1274 3607 1462 3705 accipere,
1488 3605 1608 3685 vestra
1630 3605 1755 3682 austo-

479 3711 590 3789 ritate
606 3735 817 3790 mereamur
831 3765 843 3803 ,
868 3711 1043 3802 innostro
1058 3711 1225 3797 cenobio
1238 3731 1379 3796 novum
1401 3709 1539 3812 paseha
1558 3709 1754 3822 celebrare.

480 3813 665 3898 Valetein
689 3813 846 3897 Christo
927 3893 930 3899 r

1539 4053 1542 4060 ’
1618 4100 1696 4198 se
