4000 5417
551 388 658 479 Sne,
685 384 746 467 IX
770 384 1011 469 Annorro
1037 407 1185 467 ntor.
1458 416 1508 493 9³

117 756 123 761 -
237 720 341 779 orare
363 691 676 775 &anniversariis
702 692 1083 771 diebuselemolinnm
1107 692 1229 769 facere
1242 692 1406 769 deleRet
1457 695 1509 773 Et

235 802 376 878 uthaec
390 798 510 876 nostra
525 796 672 891 largitio
685 792 823 873 firmior
847 796 1050 884 habeatur,
1075 794 1116 871 ἁ
1140 795 1354 891 diligentius
1367 794 1531 874 consen
1624 788 1629 802 '

234 915 372 990 vetur,
407 922 522 975 manu
542 896 688 996 propria
712 896 830 974 nostra
855 896 978 975 subter
999 922 1085 974 eam
1109 895 1442 985 confirmavimus,
1466 896 1507 975 ἀ
1623 922 1626 929 ·

234 1002 359 1098 sigillo
373 999 491 1076 nostro
508 997 673 1094 allignari
695 995 871 1095 juffimus.
924 996 1104 1099 Aspertus
1123 999 1367 1079 cancellarius
1388 1000 1436 1076 ad
1451 1002 1508 1075 vi·

233 1126 321 1177 cem
346 1101 587 1179 Theothmari
602 1098 888 1199 archicapellani
906 1102 1116 1198 recognovi.
1167 1100 1508 1180 DataVkalendns
1538 1148 1592 1219 ²7·
1614 1128 1696 1200 No„

232 1202 471 1291 Decembris,
499 1224 597 1279 anno
615 1200 821 1279 Dominicae
842 1201 1101 1279 incarnationis
1126 1193 1508 1283 DCCCLXXXVIIII
1582 1230 1662 1305 889·

232 1305 426 1381 indistione
452 1303 568 1391 Vllll,
590 1326 687 1379 anno
702 1325 791 1379 vero
815 1303 867 1379 Ill
890 1306 992 1401 regni
1006 1304 1145 1380 domini
1175 1302 1323 1395 Amolli
1349 1303 1504 1380 serenis·

233 1404 315 1480 fimi
328 1408 436 1505 regis.
488 1404 629 1484 Attum
645 1404 695 1481 ad
723 1402 945 1485 sziutoca
969 1406 1010 1484 in
1034 1405 1167 1487 Christi
1179 1408 1326 1486 nomine
1341 1406 1506 1509 feliciter
1596 1464 1602 1475 .

234 1528 356 1586 amen.
986 1562 988 1567 .

232 1672 344 1881 Sub
370 1706 522 1814 eodem
545 1725 738 1822 ternpore¹
773 1706 968 1809 Gerniu,
997 1726 1191 1794 matrona
1223 1708 1403 1813 nobilis,
1433 1740 1503 1799 ren

316 1822 587 1935 proprietatis
606 1816 693 1906 suae
720 1816 1057 1933 inSahffenlreim
1076 1814 1216 1905 sanilo
1242 1820 1428 1907 Nazario
1437 1821 1506 1908 de·

230 1951 336 2018 vote
363 1928 573 2035 contulit,
602 1928 798 2019 videlieet
835 1931 941 2017 duas
968 1950 1111 2047 partes
1148 1926 1350 2034 ecclefiae,
1373 1930 1507 2021 hubas

229 2044 319 2153 xjj‚
347 2037 514 2128 mansos
540 2070 589 2146 v,
607 2072 758 2131 nemus
783 2044 1036 2145 dimidium,
1071 2041 1358 2132 molendinum
1377 2047 1418 2156 j,
1443 2074 1507 2135 xn

224 2155 374 2267 jugera
392 2157 629 2258 vineam,
656 2156 703 2265 xj
717 2158 866 2269 jugera
886 2155 937 2239 de
963 2177 1115 2269 prate,
1144 2158 1351 2271 mancipia
1391 2186 1506 2262 xxx,
1535 2198 1539 2203 ·
1679 2198 1683 2203 ’

230 2268 500 2377 cujustamen
516 2266 787 2351 donationem
798 2262 928 2351 deseri
959 2288 1048 2351 tam
1056 2266 1245 2351 nondum
1261 2268 1505 2382 reperimus.¹

231 2372 325 2491 Ipsa
349 2405 433 2491 quo
464 2407 517 2464 ue
536 2406 604 2463 res
621 2373 773 2465 suasio
793 2292 1207 2579 Haustuesheimper
1222 2406 1394 2467 manum
1421 2380 1507 2470 He·

231 2488 415 2605 rigeriill
498 2494 535 2579 is
555 2492 636 2581 viri
651 2492 745 2607 pari
761 2484 987 2580 denonone
1007 2489 1114 2579 trad'
1163 2488 1290 2577 thoe
1305 2490 1449 2582 modo.
1487 2570 1498 2621 ;

241 2817 259 2837 ⁹
318 2820 496 2922 Donatio
524 2830 708 2919 Gerniwe
729 2832 780 2929 83
807 2702 1004 2943 Grlirioldi
1019 2769 1418 2924 inlibntrcucsheim.

230 3004 335 3135 Ego
351 2992 389 3069 in
413 2993 483 3070 Dei
496 2992 645 3069 nomine
669 2993 873 3071 Hemone
889 3019 953 3096 pro
978 2998 1141 3075 remedio
1163 2990 1300 3078 animae
1327 2997 1503 3077 Grimolti

311 3094 350 3173 δι
365 3096 591 3183 Gemiuuae‚
609 3095 723 3170 'bado
737 3096 957 3175 adientium
981 3100 1185 3177 Nazarium
1199 3097 1421 3199 martyrem,
1436 3100 1502 3200 qui

232 3198 427 3295 requiescit
447 3199 488 3273 in
510 3218 662 3295 corpore
687 3198 726 3271 in
744 3221 844 3297 pago
873 3198 1046 3299 Rmcnse,
1072 3201 1112 3277 in
1134 3202 1377 3293 monasterio,
1402 3200 1503 3299 quod

232 3314 466 3400 nuncupatur
491 3296 708 3373 mentam
730 3350 740 3385 ‚
764 3302 826 3375 vel
841 3294 889 3377 ari
903 3301 1010 3379 illam
1031 3298 1354 3400 congregationem
1373 3324 1503 3379 mona·

233 3401 414 3506 chorum,
441 3422 529 3496 quac
543 3397 681 3503 ibidem
697 3397 762 3501 sub,
775 3403 975 3499 venerabili
994 3401 1075 3479 viro
1100 3406 1283 3481 Gerharto
1295 3405 1428 3485 abbate
1441 3402 1504 3479 de·

233 3500 365 3580 servire
380 3503 547 3588 videtur,
562 3500 817 3597 donatumque
830 3502 870 3577 in
885 3517 1104 3601 perpetuum
1116 3504 1194 3580 sore
1208 3508 1311 3595 volo,
1329 3507 1368 3583 br
1381 3527 1505 3607 prom3
1547 3540 1552 3549 ·

230 3603 391 3705 ptillima
411 3604 602 3678 voluntate
628 3602 835 3690 confirmo,
860 3602 932 3678 hoc
946 3602 1024 3691 est,
1048 3626 1146 3692 rem,
1161 3628 1277 3701 quam
1296 3601 1507 3685 habuerunt

227 3708 274 3781 in
285 3728 378 3802 pago
400 3701 655 3803 Lobodonmsa,
682 3703 721 3780 in
743 3705 835 3781 villa
857 3706 918 3780 vel
942 3727 1067 3781 marca
1081 3720 1294 3806 nuncupata
1318 3704 1505 3807 Hanscucs-

227 3807 341 3893 naim,
357 3802 480 3894 idest,
507 3828 633 3881 aream
649 3830 763 3883 unam
779 3804 818 3883 &
832 3807 1089 3883 molendinum
1105 3807 1144 3885 bc
1158 3809 1327 3899 vineam,
1351 3809 1390 3887 δι
1404 3809 1518 3911 quio·

232 3908 326 4010 quid
340 3906 507 4007 legitime
531 3905 570 3986 &
586 3905 669 4006 jure
691 3908 740 3988 ad
764 3908 887 4091 manill
893 3910 1040 3990 videtur
1050 3912 1258 4013 pertinere,
1283 3936 1328 3991 ea
1341 3934 1429 3989 vero
1442 3934 1505 3989 ra·

373 4034 378 4075 1
912 4039 936 4115 3
1336 4015 1447 4106 tione,
