4000 5417
403 458 408 462 ’
537 472 586 564 9⁶
887 456 1074 537 Cnaou.
1102 476 1157 533 aa
1183 453 1397 535 Cannam

536 766 618 845 Post
632 766 713 846 haec
727 766 839 842 etiam
854 762 928 865 ipse
943 753 1132 862 postposito
1157 762 1260 837 omni
1276 760 1442 837 saeculari
1457 759 1599 861 honore
1638 762 1678 840 dr
1703 788 1810 841 com·

538 870 674 957 modo,
699 868 799 965 quod
814 867 897 942 inde
909 864 1078 960 consequi
1098 863 1241 963 potuit,
1267 863 1412 939 malens
1437 862 1477 938 in
1500 864 1704 941 coelestibus
1725 866 1809 943 the·

540 970 740 1058 saurizare,
756 982 926 1069 precatus
949 965 1000 1041 est
1025 965 1263 1041 clementiam
1287 962 1476 1052 nostram,
1503 988 1549 1038 ne
1570 965 1708 1063 aliquis
1727 992 1808 1044 ma-

521 1071 744 1149 livolorum
769 1070 898 1147 fraude
914 1070 976 1147 vel
992 1065 1128 1141 insidiis
1144 1066 1260 1165 ipsum
1287 1067 1412 1141 locum
1428 1065 1609 1164 subripere
1621 1066 1749 1166 posset,
1765 1081 1809 1145 ut

540 1172 689 1274 pristino
723 1172 861 1247 honore
886 1192 973 1247 eum
994 1169 1221 1256 ditaremus,
1246 1166 1354 1245 &eis
1380 1168 1570 1243 licentiam
1592 1172 1808 1246 concedere·

540 1298 655 1364 mus,
675 1272 786 1371 juxta
802 1294 931 1349 eorum
947 1270 1139 1347 arbitrium
1158 1268 1254 1345 inter
1269 1267 1304 1343 se
1328 1268 1489 1365 eligendi
1515 1270 1688 1345 abbates·
1733 1271 1809 1349 Cu·

537 1375 601 1475 jus
616 1378 685 1477 piis
699 1392 812 1473 atque
838 1373 1000 1474 paternis
1015 1371 1325 1449 admonitionibus
1346 1370 1502 1447 libenter
1526 1369 1702 1447 assensum
1716 1395 1812 1473 prae·

543 1480 711 1567 buimuS,
738 1476 968 1577 praesensque
994 1485 1220 1573 praeceptum
1245 1471 1331 1548 inde
1343 1470 1520 1547 conscribi
1528 1470 1720 1569 jussimus,
1744 1498 1814 1575 per

543 1582 645 1678 quod
666 1578 897 1675 decernimus
931 1588 1044 1673 atque
1083 1572 1279 1650 firmissime
1298 1572 1498 1669 jubemus,
1529 1589 1574 1651 ut
1589 1575 1651 1674 ipsi
1677 1575 1813 1653 sratres
1844 1576 1847 1581 ’

543 1681 726 1781 praelibati
738 1678 945 1775 monasterii
959 1679 1007 1754 ab
1020 1676 1198 1750 hodierna
1212 1676 1269 1750 die
1291 1673 1330 1752 δι
1343 1676 1515 1774 deinceps
1523 1675 1693 1753 ⁴securam
1708 1692 1812 1753 tene.

546 1798 613 1859 ant
633 1781 848 1881 potestatem
872 1779 1032 1877 eligendi
1055 1778 1231 1864 abbates,
1265 1776 1445 1872 quamdiu
1465 1778 1581 1853 talem
1606 1779 1684 1853 illic
1709 1780 1814 1857 inve·

546 1886 626 1960 nire
646 1878 820 1983 possunt,
854 1882 929 1979 qui
946 1880 1095 1955 scientia
1114 1878 1154 1955 &
1178 1899 1327 1953 morum
1350 1878 1540 1955 honestate
1561 1880 1648 1955 talis
1675 1878 1742 1968 srt,
1769 1894 1815 1959 ut

545 1997 692 2071 tautam
706 1982 1028 2081 congregationem
1050 1978 1162 2077 juxta
1181 1980 1352 2076 regulam
1366 1979 1478 2055 sansti
1499 1980 1687 2057 Benedisti
1701 1995 1816 2080 queat

545 2086 585 2165 oc
601 2087 689 2163 sciat
703 2108 858 2183 regere,
886 2084 926 2161 δι
940 2082 1054 2179 regali
1068 2082 1238 2179 dignitati
1249 2079 1346 2177 justa
1370 2080 1540 2178 obsequia
1553 2084 1727 2182 praebere.
1762 2085 1817 2161 Et

545 2201 591 2263 ut
605 2188 675 2265 hoc
701 2199 926 2288 praeceptum
950 2185 996 2261 ab
1021 2184 1125 2263 nullo
1150 2206 1329 2281 umquam
1350 2181 1543 2258 successore
1568 2182 1687 2259 nostro
1700 2184 1816 2261 viole-

545 2301 634 2379 tur,
660 2287 931 2383 &diligentius
955 2286 1210 2384 incorruptum
1234 2285 1471 2373 observetur,
1497 2308 1609 2361 manu
1628 2286 1749 2361 nostra
1771 2287 1818 2362 il-
1909 2368 1913 2375 ,

543 2390 611 2467 lud
637 2388 893 2475 firmavimus,
926 2388 1111 2482 anuloque
1137 2386 1257 2461 nostro
1282 2385 1442 2482 infigniri
1464 2384 1638 2482 jussimus.
1689 2388 1818 2463 Emu-

544 2489 621 2567 stus
646 2489 890 2565 cancellarius
918 2487 966 2563 ad
991 2488 1112 2564 vicem
1144 2486 1355 2564 Diothmari
1383 2488 1667 2588 archicapellani
1689 2510 1818 2584 recog·

361 2599 415 2671 ³0·
431 2582 501 2659 Jan.
546 2592 645 2667 novi.
662 2588 666 2597 '
697 2592 795 2666 Data
811 2590 863 2667 lll
877 2588 1055 2665 kalendas
1071 2588 1260 2667 Februarii
1274 2588 1371 2665 anno
1384 2590 1649 2667 incarnationis
1665 2590 1819 2667 Domini

346 2738 350 2745 -
409 2672 485 2756 ⁸9⁶·
545 2688 797 2771 bcccxcvr
822 2689 1014 2766 moratione
1047 2690 1139 2779 xv,
1164 2714 1262 2766 anno
1284 2691 1425 2766 aomina
1451 2690 1598 2768 amora
1619 2692 1674 2781 x,
1699 2693 1820 2790 irnpe-

548 2794 594 2871 rii
608 2806 736 2869 autem
756 2791 837 2890 ejus
862 2791 927 2871 ΠΙ.
979 2788 1118 2869 naum
1138 2792 1416 2879 Radisbonar‘in
1439 2793 1511 2871 Dei
1529 2794 1679 2871 nomine
1698 2792 1820 2871 felici-

546 2908 604 2973 ter
630 2918 750 2973 amen.
886 2920 890 2935 ¹

1058 3020 1063 3049 l

338 3086 537 3165 *bedam
552 3068 813 3274 Liutherus
847 3103 869 3151 ³
904 3098 1047 3208 itaque
1091 3122 1201 3179 anno
1244 3094 1479 3184 Dominicae
1519 3095 1823 3181 incamationis

172 3298 173 3301 a
651 3206 928 3302 DOECXCV
955 3209 1142 3295 strenuus
1158 3202 1309 3294 sanslae
1326 3206 1532 3321 religionis
1548 3224 1741 3309 amator,
1771 3206 1822 3295 ὃ(

554 3323 747 3424 morum,
775 3325 963 3435 vitaeque
981 3322 1191 3436 probitate
1208 3318 1445 3423 laudabilis,
1474 3322 1516 3404 in
1533 3318 1727 3405 abbatem
1745 3315 1821 3404 eli·

584 3440 681 3537 itur,
710 3462 787 3519 nec
802 3432 937 3521 multo
954 3433 1045 3549 post
1060 3426 1386 3629 meppscopdem
1401 3432 1576 3549 gradum
1591 3430 1701 3546 apud
1709 3430 1822 3518 Min·

552 3466 779 3637 sonensem
794 3545 1150 3661 ecclesiamprove
1180 3548 1276 3649 itur,
1293 3576 1377 3633 una
1405 3573 1516 3632 uere
1544 3546 1680 3629 iminis
1698 3544 1825 3657 virga

506 3768 509 3775 ⁴
554 3684 734 3774 utraque
752 3658 929 3747 detinuit
943 3657 1063 3761 loca,
1089 3651 1163 3745 sub
1180 3685 1267 3771 quo
1277 3574 1485 3791 praesatus
1511 3573 1721 3745 {delbero
1739 3656 1827 3769 epi-

505 3802 513 3815 ·
554 3771 606 3881 sc,
651 3790 702 3860 u's
720 3770 969 3862 Grrnrrhaim
986 3766 1319 3859 sandoNazarro
1336 3798 1434 3858 cum
1448 3772 1566 3857 omni
1583 3771 1824 3884 integritate

397 3922 400 3926 ·
555 3906 622 3975 tra
653 3885 739 3990 dit,
756 3886 801 3999 br
817 3884 1056 3998 huJusmodi
1079 3884 1325 3975 testamento
1344 3882 1621 3975 confirmavit.

580 4100 581 4105 ‘
1657 4068 1770 4163 Lm.
