4000 5417
515 439 620 519 Sue.
646 437 754 521 VIII
780 434 984 515 cnoro
1009 423 1140 513 naen
1403 466 1447 539 13

163 878 652 1011 'Praeceptumflcundum
668 739 980 1118 JcrtroIiMapni
1002 890 1050 978 de
1069 888 1315 978 immunitate
1327 918 1448 1007 proe-

698 1034 758 1093 αι
791 1027 902 1091 corno
927 1032 967 1091 u.

174 1182 382 1313 Cinorus
415 1170 484 1247 Dei
511 1170 633 1267 gratia
656 1193 721 1245 rex
748 1170 968 1269 Francorum
989 1171 1049 1247 vir
1073 1168 1236 1258 illuster,
1276 1170 1448 1247 omnibus

250 1274 420 1351 fidelibus
440 1273 567 1349 nostris
594 1286 673 1349 tarn
693 1271 951 1371 praesentibus,
977 1296 1091 1371 quarn
1116 1271 1155 1349 δι
1176 1272 1323 1349 futuris.
1350 1274 1448 1351 Cum
1493 1322 1497 1333 ·

178 1378 274 1452 resta
289 1377 418 1477 petitio
442 1376 672 1451 sacerdotum
693 1374 840 1470 quidem
862 1395 928 1473 pro
951 1375 1260 1475 oportunitatibus
1281 1376 1447 1474 iocisque

177 1480 379 1555 ianitorum
401 1479 584 1576 pertinens
598 1477 646 1553 ad
660 1496 768 1553 aures
786 1476 989 1552 clementiae
1009 1477 1138 1555 nostrae
1146 1476 1373 1577 proceiierit‚
1388 1492 1445 1555 ta·

176 1582 253 1657 lem
278 1580 383 1655 decet
402 1580 470 1655 eIIe
492 1580 734 1665 obauditam,
760 1579 821 1652 vel
842 1575 980 1653 efferbui
996 1580 1034 1655 In
1058 1580 1128 1655 Dei
1147 1580 1295 1655 nomine
1306 1581 1445 1655 manci·

175 1694 321 1781 patam,
338 1682 434 1757 unde
448 1683 576 1758 aetemi
590 1680 821 1756 retributoris
833 1681 979 1755 veniam
1000 1703 1207 1757 mereamur
1227 1682 1389 1782 adipiscI,
1403 1682 1443 1760 tit

175 1784 228 1858 eis
251 1784 407 1859 delettet
427 1805 492 1881 pro
505 1782 700 1859 stabilitate
728 1781 830 1876 regni
852 1780 957 1856 nostri
975 1780 1111 1877 jugiter
1125 1806 1295 1871 exorare,
1321 1786 1382 1859 vel
1404 1786 1443 1861 in

176 1884 283 1959 omni
312 1896 416 1981 parte
447 1906 536 1980 erga
554 1882 713 1959 nostrum
745 1882 900 1957 fideliter
925 1880 1083 1957 assistere.
1117 1882 1235 1976 Igitur
1257 1885 1445 1979 cognoscat

176 1984 412 2079 magnitudo,
430 1984 490 2059 seu
504 1984 645 2060 utilitas
654 1982 788 2071 vestra,
805 1984 905 2081 quod
917 2008 985 2057 nos
999 1985 1047 2058 ad
1060 1982 1334 2071 monasterium,
1347 1987 1447 2081 quod

152 2166 160 2185 s
175 2086 316 2161 dicitur
340 2084 554 2159 rauranum
569 2139 580 2174 ‚
606 2088 704 2184 quod
719 2084 769 2161 est
789 2084 1033 2161 construitum
1047 2085 1085 2159 in
1099 2082 1238 2157 honore
1257 2084 1448 2161 beatorum

175 2186 422 2288 apostoIorum
436 2188 535 2263 Petri
556 2187 594 2263 ὅ(
616 2186 722 2262 Pauli
747 2188 806 2261 vei
835 2200 1055 2263 caeterorum
1074 2182 1301 2271 bustorum,
1327 2183 1365 2262 br
1387 2187 1450 2263 ubi

172 2286 352 2389 pretiosus
384 2288 554 2363 dominus
585 2286 624 2364 δι
646 2286 788 2362 Ianftus
808 2286 1013 2385 praeclarus
1036 2300 1183 2380 martyr
1208 2285 1389 2363 NazarIus
1408 2288 1448 2363 In

173 2412 322 2569 {porpffi
335 2388 550 2569 repuiesgibt,
577 2390 635 2465 vel
649 2390 688 2465 in
710 2389 850 2464 virtute
871 2385 1064 2563 fulgescitfi
1087 2386 1127 2463 ἃ
1151 2388 1448 2567 ‘'effus-iit

207 2516 259 2568 un
320 2516 367 2567 an
392 2514 470 2567 usa
492 2568 499 2581 ,
522 2514 563 2567 as
577 2512 738 2567 unacum
759 2510 1038 2565 normamonac
1065 2509 1172 2565 orum
1308 2514 1379 2567 evr
1407 2514 1445 2567 e·

173 2606 251 2683 tur,
277 2593 374 2669 infra
384 2584 514 2691 pagam
540 2590 747 2693 Rbenrnsrm
774 2590 880 2691 super
893 2589 1051 2666 tluvium
1086 2512 1246 2687 ngbz,
1262 2592 1442 2691 integram

171 2694 413 2774 emunitatem
436 2693 514 2789 ejus
533 2694 661 2772 merito
687 2694 935 2793 compellente
960 2690 1122 2791 plena&
1146 2691 1291 2791 integra
1309 2696 1440 2791 gratia,

171 2821 239 2895 pro
252 2795 430 2869 mercedis
445 2795 572 2869 nostrae
584 2810 782 2891 augmento
797 2797 856 2871 vel
871 2818 937 2895 pro
952 2792 1033 2891 ejus
1048 2794 1169 2893 quiete
1183 2811 1251 2872 aut
1272 2796 1442 2873 succesio-

175 2918 264 2972 rum
280 2896 430 2968 iliorum
443 2892 506 2967 visi
531 2892 667 2967 suimus
682 2894 889 2969 conceIIIIe.
930 2898 1013 2985 Qua
1025 2911 1172 2996 propter
1188 2896 1261 2973 hoc
1281 2922 1441 3001 praecep·

73 3088 75 3091 Ι
173 3014 258 3075 tum
281 2993 470 3095 specialius
498 2992 727 3069 decernimus
747 2994 1016 3086 ordinandum,
1041 2999 1141 3097 quod
1160 2999 1199 3075 in
1222 3016 1440 3101 perpetuum

174 3103 350 3178 volumus
369 3095 437 3173 effe
459 3094 694 3184 mansurum,
724 3109 768 3172 ut
787 3120 904 3195 neque
931 3122 1023 3187 vos,
1055 3123 1173 3197 neque
1192 3098 1357 3197 juniores
1379 3104 1441 3181 seu

176 3200 385 3283 successores
410 3198 543 3284 vestri,
571 3218 637 3271 nec
659 3197 830 3294 quislibet
842 3202 889 3275 de
913 3198 1108 3296 judiciarIa
1126 3201 1302 3301 potestate
1321 3206 1442 3281 accin-

177 3306 266 3391 stus,
279 3302 447 3379 incurtis
460 3299 522 3373 vel
543 3297 640 3371 villis
654 3296 763 3397 ipsrus
776 3300 983 3378 monasterii
996 3316 1063 3378 aut
1085 3304 1243 3383 ecclefiae
1263 3306 1337 3383 suae
1351 3305 1442 3405 aspi·

177 3408 337 3493 cientes,
364 3402 404 3477 in
420 3398 643 3499 quibuslibet
655 3401 757 3497 pagis
777 3417 888 3499 atque
910 3403 1113 3493 territoriis,
1134 3419 1214 3480 tam
1234 3408 1335 3503 quod
1348 3428 1443 3505 prae·

33 3564 35 3567 -
175 3507 264 3583 senti
276 3522 442 3602 tempore
457 3500 600 3577 videtur
611 3498 782 3601 poffidere
798 3504 857 3580 vel
872 3504 1115 3595 dominicare,
1142 3528 1254 3603 quarn
1270 3507 1444 3603 quodad·

174 3608 249 3687 huc
272 3634 321 3684 ex
340 3626 490 3679 munere
515 3626 645 3699 regum
670 3602 732 3677 seu
746 3604 992 3697 reginarum,
1018 3604 1078 3678 seu
1103 3607 1199 3701 quod
1222 3630 1287 3705 per
1308 3608 1443 3685 collata

175 3710 304 3810 populi
325 3706 386 3780 vel
403 3706 446 3781 de
460 3720 692 3805 comparato,
720 3706 779 3779 vel
795 3704 840 3779 de
854 3704 1019 3800 quolibet
1030 3704 1193 3782 adtrastu
1207 3724 1443 3805 augmentare

175 3812 240 3886 seu
256 3806 446 3883 adtrahere
466 3808 677 3907 potuerint,
704 3808 755 3883 ad
774 3805 902 3882 causas
927 3806 1153 3885 audiendum
1167 3812 1225 3885 vel
1252 3808 1355 3887 freda
1376 3838 1443 3887 un·

175 3912 289 4009 quue
302 3908 559 3999 castrandum,
585 3933 651 3986 nec
666 3906 883 4005 fidejuffores
899 3910 1130 3999 tollendum,
1156 3936 1223 3988 neo
1239 3912 1441 3993 manfiones

176 4027 241 4093 aut
254 4024 406 4116 paratas
421 4010 645 4103 faciendum,
671 4034 738 4089 nec
753 4012 802 4087 ad
815 4011 983 4093 homiues
998 4011 1082 4091 suos
1095 4026 1174 4091 tam
1189 4016 1237 4093 ad
1250 4016 1437 4113 ingenuos,

739 4114 773 4190 B
801 4140 824 4213 3
1275 4142 1389 4217 quam
