4000 5417
224 702 377 790 vixero,
404 697 565 773 habeam
592 694 780 797 praedreas
806 716 865 769 res
889 693 929 771 in
955 716 1042 771 mea
1056 695 1249 795 potestate,
1274 696 1312 775 dt
1329 697 1394 775 sub
1410 721 1500 777 mea·

223 804 476 886 ordinatione,
501 798 639 895 absqne
654 799 765 874 ullius
789 795 954 897 personae
970 810 1038 873 aut
1061 796 1250 897 potestatis
1266 800 1495 879 contradicti-

223 929 294 979 one
308 905 369 978 vel
385 901 657 999 impedimento.
696 902 803 989 Quod
819 898 844 973 fi
860 898 1017 976 Samuel
1043 901 1233 1000 episcopus
1259 920 1319 975 me
1335 900 1494 1001 supervi·

223 1007 344 1094 xerit,
370 1003 534 1079 similiter
546 1003 684 1079 habeat
697 1003 811 1100 etiam
827 1000 901 1101 ipse
926 1002 1157 1101 pontificium
1172 1000 1282 1103 ipfius
1296 1000 1492 1083 haeredita·

223 1108 274 1182 tis
288 1107 338 1181 ad
362 1106 439 1181 dies
456 1105 544 1183 vitae
562 1105 660 1193 luae,
686 1120 765 1180 tarn
780 1100 925 1202 ipsrus'a
942 1127 1003 1179 me
1030 1106 1204 1194 traditae,
1230 1129 1348 1203 quam
1372 1108 1489 1197 illius,
1571 1180 1575 1187 .

223 1230 339 1307 quarn
357 1206 549 1283 abeodem
566 1205 784 1281 monasterio
799 1206 837 1279 in
853 1206 1056 1303 precariam
1071 1208 1221 1307 accepi,
1246 1206 1368 1296 idest,
1385 1210 1489 1306 quic·
1631 1266 1637 1277 .

223 1310 314 1407 quid
329 1309 591 1405 Engilhelmus
611 1307 651 1385 δι
677 1306 855 1383 Modaad
878 1306 987 1385 Stum
1013 1308 1215 1387 Nazarium
1239 1310 1510 1401 tradiderunt„

223 1410 370 1509 &quod
383 1411 430 1487 ab
446 1410 578 1487 eodem
594 1407 810 1485 monasterio
829 1408 868 1483 in
881 1410 1083 1507 precariam
1099 1426 1336 1512 acceperunt,
1359 1410 1399 1489 dr
1417 1412 1487 1489 vil-

222 1514 300 1594 lam
326 1514 507 1589 vocabulo
537 1512 774 1598 anhdm,
806 1508 845 1586 dt
865 1512 999 1587 cellam
1021 1534 1132 1613 prope
1164 1515 1321 1589 eandem
1353 1514 1485 1593 villam

222 1628 475 1715 nuncupatam
500 1614 733 1689 Birlurrom.
758 1610 839 1687 Post
859 1613 1104 1689 obitumvero
1128 1614 1289 1693 nostrum
1315 1629 1485 1716 utraque

221 1730 440 1795 memoratae
453 1738 513 1791 res
527 1739 614 1789 cum
639 1714 743 1790 omni
758 1714 966 1811 integritate
994 1715 1044 1789 ad
1056 1718 1361 1813 praenominatum
1374 1742 1484 1797 vene·

220 1819 341 1893 rabile
367 1816 627 1893 monasterium
653 1817 795 1914 absque
820 1816 933 1891 ullius
958 1817 1239 1891 contradittione
1264 1819 1485 1915 recipiantur

163 1962 169 1969 ·
220 1918 263 1995 δι
279 1920 318 1993 in
332 1916 412 2015 ejus
427 1917 602 2017 potestate
615 1930 727 2015 atque
753 1916 917 1993 dominio
937 1930 1201 2015 permaneant,
1224 1917 1398 1993 fratribus
1412 1922 1486 2019 ipe-

222 2020 370 2095 oialiter
402 2021 450 2095 ad
475 2018 784 2107 sustentaculum,
809 2016 849 2095 dt
873 2018 968 2097 nulli
1000 2040 1182 2116 umquam
1206 2018 1247 2093 in
1270 2018 1490 2095 beneficium

219 2122 381 2208 dentur,
407 2122 509 2217 quod
529 2120 554 2195 sr
578 2120 714 2197 factum
748 2118 886 2209 fuerit,
920 2119 1089 2197 haeredes
1111 2120 1184 2195 mei
1203 2120 1295 2195 illud
1315 2122 1399 2197 inde
1425 2122 1489 2213 ab,

218 2221 382 2297 strahere
404 2223 594 2297 licentiam
613 2222 800 2307 habeant,
834 2234 947 2319 atque
968 2223 1068 2295 inter
1091 2220 1128 2297 se
1148 2220 1354 2319 dispertiri,
1380 2246 1489 2299 exce·

219 2340 307 2425 pto,
334 2320 397 2400 nisr
420 2322 538 2420 major
563 2323 706 2399 utilitas
729 2322 850 2397 eidem
879 2320 1099 2398 monasterio
1110 2345 1177 2421 per
1187 2320 1402 2421 prestariam
1425 2344 1487 2399 ac·

219 2427 316 2525 quiri
329 2424 438 2526 polim
493 2424 581 2503 Etsr
597 2426 731 2525 aliquis
752 2438 882 2501 contra
907 2423 978 2499 hoe
994 2422 1124 2503 nostrae
1148 2425 1356 2501 donationis
1377 2424 1485 2503 testa·

219 2543 388 2605 mentum
402 2528 575 2605 resultare
600 2528 776 2614 voluerit,
804 2540 919 2622 atque
935 2526 1031 2601 illud
1044 2528 1251 2603 convellere
1268 2540 1380 2625 atque
1396 2550 1485 2603 eva·

136 2668 139 2679 ·
220 2654 331 2708 cuare
356 2631 605 2730 temptaverit,
630 2628 802 2731 primitus
827 2624 1017 2705 Christum
1032 2628 1070 2707 δι
1091 2628 1253 2705 laneum
1280 2634 1487 2728 martyrem·

218 2732 302 2829 ejus
327 2733 529 2807 Nazarium
554 2732 721 2807 nefandis
743 2728 890 2807 aufibus
912 2730 986 2807 suis
1007 2732 1233 2807 contrarium
1256 2728 1416 2821 sentiat,
1442 2730 1482 2809 δι

221 2834 366 2929 infuper
380 2832 465 2904 fisco
478 2831 707 2925 distringente
720 2834 882 2907 multam
901 2832 947 2909 de
963 2834 1074 2908 rebus
1094 2834 1253 2933 propriis
1267 2836 1363 2934 parti
1385 2856 1483 2949 prae·

224 2934 311 3009 ditli
332 2930 540 3009 monasterii
560 2932 704 3005 coaetus
726 2930 916 3020 exsolvat,
942 2936 1022 3011 auri
1042 2936 1215 3011 videlicet
1235 2937 1368 3012 libram
1380 2957 1408 3031 J,
1424 2956 1483 3013 ar-

223 3035 325 3135 genti
348 3034 468 3134 pondo
493 3031 566 3129 xjj,
593 3032 631 3111 δι
651 3054 719 3107 nec
745 3028 817 3121 src,
851 3036 951 3131 quod
976 3052 1131 3113 conatur
1159 3052 1349 3137 repetere,
1382 3036 1483 3138 pout

222 3136 457 3225 evindicare,
484 3136 546 3211 sed
566 3135 648 3211 baec
673 3132 821 3209 donatio
843 3134 952 3213 firma
973 3138 1012 3215 dt
1032 3138 1168 3216 stabilis
1191 3141 1293 3216 omni
1317 3155 1484 3239 tempore

223 3252 462 3339 permaneat,
493 3234 722 3335 stipulatione
749 3233 914 3315 subnixa.
966 3236 1103 3316 Attum
1124 3241 1267 3339 publice
1293 3242 1331 3319 in
1355 3264 1483 3317 mona·

224 3340 327 3418 sterio
352 3338 584 3424 Lnureslrnm,
600 3359 695 3411 anno
716 3336 976 3417 incarnationis
997 3342 1203 3419 Dominicae
1218 3340 1484 3429 Doccxuvn

224 3445 326 3541 regni
352 3437 546 3517 Ludowici
567 3438 663 3537 regis
677 3438 749 3528 VI,
773 3437 836 3515 sub
849 3440 909 3517 die
931 3442 983 3517 lll
1008 3443 1198 3518 Kalendas
1217 3442 1385 3540 Augusti.
1398 3443 1482 3537 Sig-

222 3568 316 3623 num
331 3544 611 3624 Wnnrunnnu
640 3564 828 3628 comunis,
853 3542 918 3638 qui
931 3542 1031 3617 hanc
1052 3544 1286 3619 donationem
1302 3545 1362 3620 vel
1374 3542 1483 3619 testa·

224 3660 395 3721 mentum
410 3642 488 3717 fieri
501 3642 538 3720 dt
550 3642 691 3729 firmari
705 3643 863 3740 rogavit
888 3642 1048 3739 Signum
1063 3644 1171 3719 Zezo.
1197 3644 1353 3741 Signum
1367 3644 1484 3725 Ditto.

221 3744 382 3843 Signum
397 3744 561 3821 Luitheri
573 3744 610 3821 u
627 3746 800 3823 aliorum.
852 3746 934 3842 Ego
950 3746 1144 3823 Theotrob.
1161 3744 1334 3841 indignus
1345 3746 1482 3847 presbi-

219 3847 332 3926 ter&
346 3850 547 3924 monachus
562 3847 632 3942 lroc
648 3848 909 3929 testamentum
923 3846 1134 3953 conscripti,
1156 3850 1332 3949 diemque
1346 3848 1483 3927 &tem-

146 4054 150 4061 .
218 3972 304 4059 pus,
319 3950 502 4053 utsupra,
516 3952 650 4033 notavi.
804 4052 847 4135 Η

601 4074 604 4079 .
871 4076 895 4139 2
914 4088 924 4100 ,
