<?xml version="1.0" encoding="UTF-8"?>
<!DOCTYPE html PUBLIC "-//W3C//DTD XHTML 1.0 Transitional//EN"
    "http://www.w3.org/TR/xhtml1/DTD/xhtml1-transitional.dtd">
<html xmlns="http://www.w3.org/1999/xhtml" xml:lang="en" lang="en">
 <head>
  <title>
</title>
<meta http-equiv="Content-Type" content="text/html;charset=utf-8" />
  <meta name='ocr-system' content='tesseract 3.04.00' />
  <meta name='ocr-capabilities' content='ocr_page ocr_carea ocr_par ocr_line ocrx_word'/>
</head>
<body>
  <div class='ocr_page' id='page_1' title='image "./codexprincipiso00egyegoog/codexprincipiso00egyegoog_0232.png"; bbox 0 0 4000 5417; ppageno 0'>
   <div class='ocr_carea' id='block_1_1' title="bbox 490 453 1384 566">
    <p class='ocr_par' dir='ltr' id='par_1_1' title="bbox 490 453 1384 566">
     <span class='ocr_line' id='line_1_1' title="bbox 490 453 1384 566; baseline 0.001 -33"><span class='ocrx_word' id='word_1_1' title='bbox 490 487 564 566; x_wconf 80' lang='lat'><strong>¹94</strong></span> <span class='ocrx_word' id='word_1_2' title='bbox 865 453 1054 534; x_wconf 80' lang='lat' dir='ltr'><strong>Cnnou.</strong></span> <span class='ocrx_word' id='word_1_3' title='bbox 1079 475 1142 531; x_wconf 76' lang='lat' dir='ltr'><strong>ur</strong></span> <span class='ocrx_word' id='word_1_4' title='bbox 1168 455 1384 534; x_wconf 72' lang='lat' dir='ltr'><strong>Curam</strong></span> 
     </span>
    </p>
   </div>
   <div class='ocr_carea' id='block_1_2' title="bbox 336 752 1954 4024">
    <p class='ocr_par' dir='ltr' id='par_1_2' title="bbox 338 752 1954 1885">
     <span class='ocr_line' id='line_1_2' title="bbox 338 752 1763 864; baseline 0.006 -24"><span class='ocrx_word' id='word_1_5' title='bbox 338 796 386 840; x_wconf 55' lang='lat' dir='ltr'><em>s</em></span> <span class='ocrx_word' id='word_1_6' title='bbox 487 767 620 847; x_wconf 83' lang='lat' dir='ltr'><strong>fratres</strong></span> <span class='ocrx_word' id='word_1_7' title='bbox 642 764 771 843; x_wconf 81' lang='lat' dir='ltr'><strong>nostrae</strong></span> <span class='ocrx_word' id='word_1_8' title='bbox 796 760 1017 864; x_wconf 82' lang='lat' dir='ltr'><strong>professionis</strong></span> <span class='ocrx_word' id='word_1_9' title='bbox 1037 761 1176 838; x_wconf 88' lang='lat' dir='ltr'>ibidem</span> <span class='ocrx_word' id='word_1_10' title='bbox 1197 752 1473 851; x_wconf 85' lang='lat' dir='ltr'><strong>adunavimus,</strong></span> <span class='ocrx_word' id='word_1_11' title='bbox 1508 785 1667 860; x_wconf 89' lang='lat' dir='ltr'><strong>quorum</strong></span> <span class='ocrx_word' id='word_1_12' title='bbox 1689 753 1763 847; x_wconf 56' lang='lat' dir='ltr'><strong>uli)</strong></span> 
     </span>
     <span class='ocr_line' id='line_1_3' title="bbox 489 863 1915 970; baseline -0.005 -22"><span class='ocrx_word' id='word_1_13' title='bbox 489 869 612 950; x_wconf 86' lang='lat' dir='ltr'><strong>bus&amp;</strong></span> <span class='ocrx_word' id='word_1_14' title='bbox 626 867 874 945; x_wconf 88' lang='lat' dir='ltr'><strong>sustentationi</strong></span> <span class='ocrx_word' id='word_1_15' title='bbox 899 888 967 940; x_wconf 91' lang='lat' dir='ltr'><strong>nos</strong></span> <span class='ocrx_word' id='word_1_16' title='bbox 980 887 1046 964; x_wconf 89' lang='lat' dir='ltr'><strong>per</strong></span> <span class='ocrx_word' id='word_1_17' title='bbox 1059 865 1185 940; x_wconf 88' lang='lat' dir='ltr'><strong>omnia</strong></span> <span class='ocrx_word' id='word_1_18' title='bbox 1198 863 1404 964; x_wconf 46' lang='lat' dir='ltr'><strong>prospicere,¹</strong></span> <span class='ocrx_word' id='word_1_19' title='bbox 1424 864 1652 963; x_wconf 82' lang='lat' dir='ltr'>satagentes,</span> <span class='ocrx_word' id='word_1_20' title='bbox 1664 897 1759 970; x_wconf 88' lang='lat' dir='ltr'><strong>prae·</strong></span> <span class='ocrx_word' id='word_1_21' title='bbox 1911 931 1915 941; x_wconf 92' lang='lat'>.</span> 
     </span>
     <span class='ocr_line' id='line_1_4' title="bbox 412 964 1758 1070; baseline 0.001 -20"><span class='ocrx_word' id='word_1_22' title='bbox 412 985 416 1000; x_wconf 87' lang='lat'>&#39;</span> <span class='ocrx_word' id='word_1_23' title='bbox 489 987 548 1050; x_wconf 86' lang='lat' dir='ltr'><strong>ter</strong></span> <span class='ocrx_word' id='word_1_24' title='bbox 566 985 702 1048; x_wconf 86' lang='lat' dir='ltr'><strong>caetera</strong></span> <span class='ocrx_word' id='word_1_25' title='bbox 716 964 870 1070; x_wconf 81' lang='lat' dir='ltr'><strong>praelato</strong></span> <span class='ocrx_word' id='word_1_26' title='bbox 892 965 1150 1042; x_wconf 88' lang='lat' dir='ltr'><strong>monasterioa</strong></span> <span class='ocrx_word' id='word_1_27' title='bbox 1170 967 1276 1043; x_wconf 90' lang='lat' dir='ltr'><strong>nobis</strong></span> <span class='ocrx_word' id='word_1_28' title='bbox 1290 967 1425 1043; x_wconf 84' lang='lat' dir='ltr'><strong>collata</strong></span> <span class='ocrx_word' id='word_1_29' title='bbox 1438 969 1584 1046; x_wconf 89' lang='lat' dir='ltr'><strong>curiam</strong></span> <span class='ocrx_word' id='word_1_30' title='bbox 1599 972 1758 1051; x_wconf 87' lang='lat' dir='ltr'><strong>nostram</strong></span> 
     </span>
     <span class='ocr_line' id='line_1_5' title="bbox 490 1066 1954 1174; baseline 0.001 -26"><span class='ocrx_word' id='word_1_31' title='bbox 490 1073 532 1151; x_wconf 90' lang='lat' dir='ltr'><strong>in</strong></span> <span class='ocrx_word' id='word_1_32' title='bbox 555 1071 782 1174; x_wconf 75' lang='lat' dir='ltr'><strong>Sohffinhrim</strong></span> <span class='ocrx_word' id='word_1_33' title='bbox 809 1071 958 1157; x_wconf 77' lang='lat' dir='ltr'><strong>minori,</strong></span> <span class='ocrx_word' id='word_1_34' title='bbox 985 1069 1034 1145; x_wconf 93' lang='lat' dir='ltr'><strong>ad</strong></span> <span class='ocrx_word' id='word_1_35' title='bbox 1059 1091 1128 1168; x_wconf 81' lang='lat' dir='ltr'><strong>nos</strong></span> <span class='ocrx_word' id='word_1_36' title='bbox 1147 1067 1375 1144; x_wconf 87' lang='lat' dir='ltr'><strong>solummodo</strong></span> <span class='ocrx_word' id='word_1_37' title='bbox 1400 1069 1645 1168; x_wconf 74' lang='lat' dir='ltr'><strong>spetiantem,</strong></span> <span class='ocrx_word' id='word_1_38' title='bbox 1671 1100 1759 1154; x_wconf 88' lang='lat' dir='ltr'><strong>cum</strong></span> <span class='ocrx_word' id='word_1_39' title='bbox 1871 1071 1876 1080; x_wconf 87' lang='grc'><strong>’</strong></span> <span class='ocrx_word' id='word_1_40' title='bbox 1949 1066 1954 1076; x_wconf 80' lang='grc'>’</span> 
     </span>
     <span class='ocr_line' id='line_1_6' title="bbox 493 1168 1759 1274; baseline 0.004 -24"><span class='ocrx_word' id='word_1_41' title='bbox 493 1175 665 1252; x_wconf 90' lang='lat' dir='ltr'><strong>omnibus</strong></span> <span class='ocrx_word' id='word_1_42' title='bbox 679 1171 907 1274; x_wconf 88' lang='lat' dir='ltr'><strong>pertinentiis</strong></span> <span class='ocrx_word' id='word_1_43' title='bbox 915 1169 987 1247; x_wconf 92' lang='lat' dir='ltr'><strong>luis</strong></span> <span class='ocrx_word' id='word_1_44' title='bbox 1000 1170 1255 1256; x_wconf 75' lang='lat' dir='ltr'><strong>inusuforis,</strong></span> <span class='ocrx_word' id='word_1_45' title='bbox 1269 1170 1371 1245; x_wconf 91' lang='lat' dir='ltr'><strong>omni</strong></span> <span class='ocrx_word' id='word_1_46' title='bbox 1381 1168 1464 1267; x_wconf 88' lang='lat' dir='ltr'><strong>jure</strong></span> <span class='ocrx_word' id='word_1_47' title='bbox 1479 1172 1518 1250; x_wconf 77' lang='lat' dir='ltr'><strong>dr</strong></span> <span class='ocrx_word' id='word_1_48' title='bbox 1532 1175 1759 1273; x_wconf 88' lang='lat' dir='ltr'><strong>integritate,</strong></span> 
     </span>
     <span class='ocr_line' id='line_1_7' title="bbox 491 1271 1759 1382; baseline 0.003 -31"><span class='ocrx_word' id='word_1_49' title='bbox 491 1291 603 1382; x_wconf 89' lang='lat' dir='ltr'><strong>prout</strong></span> <span class='ocrx_word' id='word_1_50' title='bbox 616 1301 639 1352; x_wconf 94' lang='lat' dir='ltr'><strong>a</strong></span> <span class='ocrx_word' id='word_1_51' title='bbox 653 1275 758 1352; x_wconf 92' lang='lat' dir='ltr'><strong>nobis</strong></span> <span class='ocrx_word' id='word_1_52' title='bbox 782 1273 911 1350; x_wconf 84' lang='lat' dir='ltr'><strong>habita</strong></span> <span class='ocrx_word' id='word_1_53' title='bbox 924 1273 991 1362; x_wconf 88' lang='lat' dir='ltr'><strong>est,</strong></span> <span class='ocrx_word' id='word_1_54' title='bbox 1017 1271 1176 1372; x_wconf 84' lang='lat' dir='ltr'><strong>plene&amp;</strong></span> <span class='ocrx_word' id='word_1_55' title='bbox 1191 1271 1357 1350; x_wconf 88' lang='lat' dir='ltr'><strong>absolute</strong></span> <span class='ocrx_word' id='word_1_56' title='bbox 1377 1287 1528 1370; x_wconf 87' lang='lat' dir='ltr'><strong>rogatu,</strong></span> <span class='ocrx_word' id='word_1_57' title='bbox 1553 1278 1702 1354; x_wconf 82' lang='lat' dir='ltr'><strong>confilio</strong></span> <span class='ocrx_word' id='word_1_58' title='bbox 1718 1279 1759 1356; x_wconf 81' lang='lat' dir='ltr'><strong>dt</strong></span> 
     </span>
     <span class='ocr_line' id='line_1_8' title="bbox 492 1373 1760 1475; baseline 0.002 -20"><span class='ocrx_word' id='word_1_59' title='bbox 492 1379 689 1467; x_wconf 88' lang='lat' dir='ltr'><strong>consensu,</strong></span> <span class='ocrx_word' id='word_1_60' title='bbox 716 1397 874 1475; x_wconf 88' lang='lat' dir='ltr'><strong>quorum</strong></span> <span class='ocrx_word' id='word_1_61' title='bbox 891 1375 995 1475; x_wconf 89' lang='lat' dir='ltr'><strong>supra</strong></span> <span class='ocrx_word' id='word_1_62' title='bbox 1017 1427 1028 1464; x_wconf 93' lang='lat'><strong>,</strong></span> <span class='ocrx_word' id='word_1_63' title='bbox 1053 1375 1174 1451; x_wconf 91' lang='lat' dir='ltr'><strong>eidem</strong></span> <span class='ocrx_word' id='word_1_64' title='bbox 1196 1374 1302 1452; x_wconf 84' lang='lat' dir='ltr'><strong>cellae</strong></span> <span class='ocrx_word' id='word_1_65' title='bbox 1319 1373 1505 1451; x_wconf 79' lang='lat' dir='ltr'><strong>&#39;tradimus</strong></span> <span class='ocrx_word' id='word_1_66' title='bbox 1518 1377 1557 1454; x_wconf 83' lang='lat' dir='ltr'><strong>dr</strong></span> <span class='ocrx_word' id='word_1_67' title='bbox 1580 1381 1760 1458; x_wconf 90' lang='lat' dir='ltr'><strong>tradendo</strong></span> 
     </span>
     <span class='ocr_line' id='line_1_9' title="bbox 454 1473 1757 1582; baseline -0.002 -25"><span class='ocrx_word' id='word_1_68' title='bbox 454 1498 459 1509; x_wconf 65' lang='lat'>¹</span> <span class='ocrx_word' id='word_1_69' title='bbox 493 1481 781 1566; x_wconf 86' lang='lat' dir='ltr'><strong>confirmamus,</strong></span> <span class='ocrx_word' id='word_1_70' title='bbox 807 1477 846 1554; x_wconf 83' lang='lat' dir='ltr'><strong>dt</strong></span> <span class='ocrx_word' id='word_1_71' title='bbox 862 1491 905 1552; x_wconf 85' lang='lat' dir='ltr'><strong>ut</strong></span> <span class='ocrx_word' id='word_1_72' title='bbox 926 1476 1109 1552; x_wconf 86' lang='lat' dir='ltr'><strong>familiam</strong></span> <span class='ocrx_word' id='word_1_73' title='bbox 1123 1473 1290 1582; x_wconf 82' lang='lat' dir='ltr'><strong>ejusdem</strong></span> <span class='ocrx_word' id='word_1_74' title='bbox 1305 1478 1418 1553; x_wconf 87' lang='lat' dir='ltr'><strong>curiae</strong></span> <span class='ocrx_word' id='word_1_75' title='bbox 1443 1477 1491 1553; x_wconf 92' lang='lat' dir='ltr'><strong>ab</strong></span> <span class='ocrx_word' id='word_1_76' title='bbox 1511 1483 1613 1561; x_wconf 88' lang='lat' dir='ltr'><strong>omni</strong></span> <span class='ocrx_word' id='word_1_77' title='bbox 1628 1505 1757 1578; x_wconf 85' lang='lat' dir='ltr'><strong>grave·</strong></span> 
     </span>
     <span class='ocr_line' id='line_1_10' title="bbox 491 1577 1853 1684; baseline 0.001 -26"><span class='ocrx_word' id='word_1_78' title='bbox 491 1584 578 1658; x_wconf 91' lang='lat' dir='ltr'><strong>dine</strong></span> <span class='ocrx_word' id='word_1_79' title='bbox 605 1578 829 1660; x_wconf 87' lang='lat' dir='ltr'><strong>&amp;molestia</strong></span> <span class='ocrx_word' id='word_1_80' title='bbox 854 1579 1059 1654; x_wconf 90' lang='lat' dir='ltr'><strong>immunem</strong></span> <span class='ocrx_word' id='word_1_81' title='bbox 1084 1578 1342 1667; x_wconf 88' lang='lat' dir='ltr'><strong>redderemus,</strong></span> <span class='ocrx_word' id='word_1_82' title='bbox 1369 1577 1393 1655; x_wconf 91' lang='lat' dir='ltr'><strong>a</strong></span> <span class='ocrx_word' id='word_1_83' title='bbox 1414 1579 1530 1656; x_wconf 89' lang='lat' dir='ltr'><strong>tribus</strong></span> <span class='ocrx_word' id='word_1_84' title='bbox 1551 1583 1757 1684; x_wconf 89' lang='lat' dir='ltr'><strong>principali·</strong></span> <span class='ocrx_word' id='word_1_85' title='bbox 1845 1664 1853 1683; x_wconf 46' lang='grc' dir='ltr'><em>Ι</em></span> 
     </span>
     <span class='ocr_line' id='line_1_11' title="bbox 431 1679 1755 1779; baseline -0.001 -17"><span class='ocrx_word' id='word_1_86' title='bbox 431 1683 437 1696; x_wconf 87' lang='grc'><strong>’</strong></span> <span class='ocrx_word' id='word_1_87' title='bbox 493 1687 564 1762; x_wconf 92' lang='lat' dir='ltr'><strong>bus</strong></span> <span class='ocrx_word' id='word_1_88' title='bbox 578 1685 720 1772; x_wconf 88' lang='lat' dir='ltr'><strong>mallis,</strong></span> <span class='ocrx_word' id='word_1_89' title='bbox 735 1681 800 1778; x_wconf 92' lang='lat' dir='ltr'><strong>qui</strong></span> <span class='ocrx_word' id='word_1_90' title='bbox 813 1681 927 1776; x_wconf 84' lang='lat' dir='ltr'><strong>vulgo</strong></span> <span class='ocrx_word' id='word_1_91' title='bbox 952 1679 1237 1775; x_wconf 76' lang='lat' dir='ltr'><strong>Ungcbodrnding</strong></span> <span class='ocrx_word' id='word_1_92' title='bbox 1249 1693 1446 1771; x_wconf 85' lang='lat' dir='ltr'><strong>vocantur,</strong></span> <span class='ocrx_word' id='word_1_93' title='bbox 1460 1683 1596 1779; x_wconf 87' lang='lat' dir='ltr'><strong>quibus</strong></span> <span class='ocrx_word' id='word_1_94' title='bbox 1610 1685 1659 1761; x_wconf 90' lang='lat' dir='ltr'><strong>ad</strong></span> <span class='ocrx_word' id='word_1_95' title='bbox 1671 1707 1755 1777; x_wconf 87' lang='lat' dir='ltr'><strong>cur·</strong></span> 
     </span>
     <span class='ocr_line' id='line_1_12' title="bbox 461 1777 1781 1885; baseline 0.001 -23"><span class='ocrx_word' id='word_1_96' title='bbox 461 1781 465 1792; x_wconf 86' lang='lat'>&#39;</span> <span class='ocrx_word' id='word_1_97' title='bbox 492 1785 562 1862; x_wconf 90' lang='lat' dir='ltr'><strong>tim</strong></span> <span class='ocrx_word' id='word_1_98' title='bbox 587 1777 845 1884; x_wconf 69' lang='lat' dir='ltr'><strong>Lintereshusrn</strong></span> <span class='ocrx_word' id='word_1_99' title='bbox 870 1782 1064 1856; x_wconf 85' lang='lat' dir='ltr'><strong>annuatim</strong></span> <span class='ocrx_word' id='word_1_100' title='bbox 1086 1782 1371 1871; x_wconf 89' lang='lat' dir='ltr'><strong>manniebatur,</strong></span> <span class='ocrx_word' id='word_1_101' title='bbox 1402 1795 1645 1885; x_wconf 91' lang='lat' dir='ltr'><strong>utrorumque</strong></span> <span class='ocrx_word' id='word_1_102' title='bbox 1667 1811 1781 1863; x_wconf 83' lang='lat' dir='ltr'><strong>con·-</strong></span> 
     </span>
    </p>

    <p class='ocr_par' dir='ltr' id='par_1_3' title="bbox 353 1882 1758 2288">
     <span class='ocr_line' id='line_1_13' title="bbox 353 1882 1755 1987; baseline 0.001 -26"><span class='ocrx_word' id='word_1_103' title='bbox 353 1929 355 1942; x_wconf 77' lang='lat'><em>=</em></span> <span class='ocrx_word' id='word_1_104' title='bbox 493 1885 597 1962; x_wconf 87' lang='lat' dir='ltr'><strong>sensu</strong></span> <span class='ocrx_word' id='word_1_105' title='bbox 612 1907 696 1960; x_wconf 89' lang='lat' dir='ltr'><strong>eam</strong></span> <span class='ocrx_word' id='word_1_106' title='bbox 716 1882 888 1958; x_wconf 89' lang='lat' dir='ltr'><strong>omnibus</strong></span> <span class='ocrx_word' id='word_1_107' title='bbox 914 1882 1035 1958; x_wconf 88' lang='lat' dir='ltr'><strong>modis</strong></span> <span class='ocrx_word' id='word_1_108' title='bbox 1048 1882 1298 1972; x_wconf 86' lang='lat' dir='ltr'><strong>absolvimus,</strong></span> <span class='ocrx_word' id='word_1_109' title='bbox 1325 1883 1391 1960; x_wconf 90' lang='lat' dir='ltr'><strong>soli</strong></span> <span class='ocrx_word' id='word_1_110' title='bbox 1403 1888 1601 1987; x_wconf 79' lang='lat' dir='ltr'><strong>,praeposito</strong></span> <span class='ocrx_word' id='word_1_111' title='bbox 1626 1891 1664 1964; x_wconf 89' lang='lat' dir='ltr'><strong>in</strong></span> <span class='ocrx_word' id='word_1_112' title='bbox 1689 1890 1755 1964; x_wconf 83' lang='lat' dir='ltr'><strong>Ar-</strong></span> 
     </span>
     <span class='ocr_line' id='line_1_14' title="bbox 491 1984 1756 2088; baseline 0.002 -24"><span class='ocrx_word' id='word_1_113' title='bbox 491 1987 701 2088; x_wconf 79' lang='lat' dir='ltr'><strong>drmunstrr,</strong></span> <span class='ocrx_word' id='word_1_114' title='bbox 727 1985 871 2080; x_wconf 87' lang='lat' dir='ltr'><strong>suisque</strong></span> <span class='ocrx_word' id='word_1_115' title='bbox 890 1984 1068 2069; x_wconf 87' lang='lat' dir='ltr'><strong>fratribus</strong></span> <span class='ocrx_word' id='word_1_116' title='bbox 1092 1986 1196 2061; x_wconf 90' lang='lat' dir='ltr'><strong>omni</strong></span> <span class='ocrx_word' id='word_1_117' title='bbox 1214 1987 1443 2086; x_wconf 74' lang='lat' dir='ltr'><strong>possessione,</strong></span> <span class='ocrx_word' id='word_1_118' title='bbox 1469 1990 1571 2066; x_wconf 89' lang='lat' dir='ltr'><strong>omni</strong></span> <span class='ocrx_word' id='word_1_119' title='bbox 1593 1989 1756 2087; x_wconf 77' lang='lat' dir='ltr'><strong>subjetti·</strong></span> 
     </span>
     <span class='ocr_line' id='line_1_15' title="bbox 490 2085 1754 2187; baseline 0.003 -22"><span class='ocrx_word' id='word_1_120' title='bbox 490 2095 586 2176; x_wconf 89' lang='lat' dir='ltr'><strong>one,</strong></span> <span class='ocrx_word' id='word_1_121' title='bbox 613 2087 715 2163; x_wconf 91' lang='lat' dir='ltr'><strong>omni</strong></span> <span class='ocrx_word' id='word_1_122' title='bbox 729 2085 918 2186; x_wconf 33' lang='lat' dir='ltr'><strong>,sandione</strong></span> <span class='ocrx_word' id='word_1_123' title='bbox 942 2100 1119 2185; x_wconf 88' lang='lat' dir='ltr'><strong>perpetuo</strong></span> <span class='ocrx_word' id='word_1_124' title='bbox 1142 2087 1370 2186; x_wconf 77' lang='lat' dir='ltr'><strong>servituram.</strong></span> <span class='ocrx_word' id='word_1_125' title='bbox 1422 2092 1564 2168; x_wconf 86' lang='lat' dir='ltr'><strong>Verum</strong></span> <span class='ocrx_word' id='word_1_126' title='bbox 1577 2107 1621 2168; x_wconf 90' lang='lat' dir='ltr'><strong>ut</strong></span> <span class='ocrx_word' id='word_1_127' title='bbox 1640 2092 1754 2187; x_wconf 76' lang='lat' dir='ltr'><strong>huJ&#39;us</strong></span> 
     </span>
     <span class='ocr_line' id='line_1_16' title="bbox 491 2187 1758 2288; baseline 0.002 -20"><span class='ocrx_word' id='word_1_128' title='bbox 491 2189 620 2268; x_wconf 83' lang='lat' dir='ltr'><strong>nostrae</strong></span> <span class='ocrx_word' id='word_1_129' title='bbox 636 2187 843 2264; x_wconf 89' lang='lat' dir='ltr'><strong>donationis</strong></span> <span class='ocrx_word' id='word_1_130' title='bbox 868 2201 973 2263; x_wconf 91' lang='lat' dir='ltr'><strong>tenor</strong></span> <span class='ocrx_word' id='word_1_131' title='bbox 992 2211 1058 2288; x_wconf 92' lang='lat' dir='ltr'><strong>per</strong></span> <span class='ocrx_word' id='word_1_132' title='bbox 1075 2188 1212 2266; x_wconf 59' lang='lat' dir='ltr'><strong>futura</strong></span> <span class='ocrx_word' id='word_1_133' title='bbox 1225 2204 1434 2288; x_wconf 89' lang='lat' dir='ltr'><strong>temporum</strong></span> <span class='ocrx_word' id='word_1_134' title='bbox 1455 2195 1638 2269; x_wconf 90' lang='lat' dir='ltr'><strong>curricula</strong></span> <span class='ocrx_word' id='word_1_135' title='bbox 1651 2194 1758 2270; x_wconf 82' lang='lat' dir='ltr'><strong>stabi·</strong></span> 
     </span>
    </p>

    <p class='ocr_par' dir='ltr' id='par_1_4' title="bbox 459 2288 1757 2494">
     <span class='ocr_line' id='line_1_17' title="bbox 459 2288 1757 2390; baseline 0.002 -23"><span class='ocrx_word' id='word_1_136' title='bbox 459 2300 461 2306; x_wconf 87' lang='grc'><strong>’</strong></span> <span class='ocrx_word' id='word_1_137' title='bbox 491 2294 540 2367; x_wconf 91' lang='lat' dir='ltr'><strong>lis</strong></span> <span class='ocrx_word' id='word_1_138' title='bbox 554 2290 592 2367; x_wconf 83' lang='lat' dir='ltr'><strong>dc</strong></span> <span class='ocrx_word' id='word_1_139' title='bbox 607 2288 838 2389; x_wconf 85' lang='lat' dir='ltr'><strong>inconvulsus</strong></span> <span class='ocrx_word' id='word_1_140' title='bbox 859 2303 1106 2388; x_wconf 89' lang='lat' dir='ltr'><strong>permaneat,</strong></span> <span class='ocrx_word' id='word_1_141' title='bbox 1131 2292 1305 2390; x_wconf 84' lang='lat' dir='ltr'><strong>paginam</strong></span> <span class='ocrx_word' id='word_1_142' title='bbox 1327 2291 1425 2368; x_wconf 86' lang='lat' dir='ltr'><strong>hanc</strong></span> <span class='ocrx_word' id='word_1_143' title='bbox 1440 2293 1574 2368; x_wconf 87' lang='lat' dir='ltr'>exinde</span> <span class='ocrx_word' id='word_1_144' title='bbox 1599 2295 1757 2370; x_wconf 86' lang='lat' dir='ltr'><strong>conscri-</strong></span> 
     </span>
     <span class='ocr_line' id='line_1_18' title="bbox 490 2389 1754 2494; baseline 0.002 -25"><span class='ocrx_word' id='word_1_145' title='bbox 490 2407 596 2494; x_wconf 84' lang='lat' dir='ltr'><strong>ptam</strong></span> <span class='ocrx_word' id='word_1_146' title='bbox 618 2391 725 2488; x_wconf 80' lang='lat' dir='ltr'><strong>sigilli</strong></span> <span class='ocrx_word' id='word_1_147' title='bbox 750 2389 858 2466; x_wconf 83' lang='lat' dir='ltr'><strong>nostri</strong></span> <span class='ocrx_word' id='word_1_148' title='bbox 883 2391 1108 2490; x_wconf 76' lang='lat' dir='ltr'><strong>impressione</strong></span> <span class='ocrx_word' id='word_1_149' title='bbox 1126 2393 1405 2482; x_wconf 79' lang='lat' dir='ltr'><strong>roboravimus,</strong></span> <span class='ocrx_word' id='word_1_150' title='bbox 1430 2414 1588 2490; x_wconf 83' lang='lat' dir='ltr'><strong>eamque</strong></span> <span class='ocrx_word' id='word_1_151' title='bbox 1607 2406 1688 2469; x_wconf 89' lang='lat' dir='ltr'><strong>tam</strong></span> <span class='ocrx_word' id='word_1_152' title='bbox 1714 2395 1754 2472; x_wconf 87' lang='lat' dir='ltr'><strong>in</strong></span> 
     </span>
    </p>

    <p class='ocr_par' dir='ltr' id='par_1_5' title="bbox 336 2493 1914 3102">
     <span class='ocr_line' id='line_1_19' title="bbox 336 2493 1754 2592; baseline 0.001 -22"><span class='ocrx_word' id='word_1_153' title='bbox 336 2496 346 2506; x_wconf 83' lang='lat'><strong><em>‘</em></strong></span> <span class='ocrx_word' id='word_1_154' title='bbox 491 2493 610 2570; x_wconf 90' lang='lat' dir='ltr'><strong>nostra</strong></span> <span class='ocrx_word' id='word_1_155' title='bbox 627 2547 636 2580; x_wconf 95' lang='lat'><strong>,</strong></span> <span class='ocrx_word' id='word_1_156' title='bbox 662 2509 776 2590; x_wconf 86' lang='lat' dir='ltr'><strong>quam</strong></span> <span class='ocrx_word' id='word_1_157' title='bbox 792 2493 830 2568; x_wconf 89' lang='lat' dir='ltr'><strong>in</strong></span> <span class='ocrx_word' id='word_1_158' title='bbox 845 2494 1016 2592; x_wconf 80' lang='lat' dir='ltr'><strong>praeditta</strong></span> <span class='ocrx_word' id='word_1_159' title='bbox 1029 2493 1179 2569; x_wconf 82' lang='lat' dir='ltr'><strong>ecclesra</strong></span> <span class='ocrx_word' id='word_1_160' title='bbox 1191 2494 1229 2567; x_wconf 93' lang='lat' dir='ltr'><strong>in</strong></span> <span class='ocrx_word' id='word_1_161' title='bbox 1242 2516 1398 2592; x_wconf 89' lang='lat' dir='ltr'><strong>perenne</strong></span> <span class='ocrx_word' id='word_1_162' title='bbox 1412 2495 1681 2579; x_wconf 77' lang='lat' dir='ltr'><strong>monimentum</strong></span> <span class='ocrx_word' id='word_1_163' title='bbox 1696 2518 1754 2571; x_wconf 88' lang='lat' dir='ltr'><strong>re·</strong></span> 
     </span>
     <span class='ocr_line' id='line_1_20' title="bbox 491 2592 1755 2698; baseline 0.003 -28"><span class='ocrx_word' id='word_1_164' title='bbox 491 2597 579 2696; x_wconf 91' lang='lat' dir='ltr'><strong>poni</strong></span> <span class='ocrx_word' id='word_1_165' title='bbox 593 2593 769 2690; x_wconf 79' lang='lat' dir='ltr'><strong>jussimus.</strong></span> <span class='ocrx_word' id='word_1_166' title='bbox 822 2595 994 2692; x_wconf 84' lang='lat' dir='ltr'><strong>Quisquis</strong></span> <span class='ocrx_word' id='word_1_167' title='bbox 1015 2594 1130 2690; x_wconf 77' lang='lat' dir='ltr'><strong>igitur</strong></span> <span class='ocrx_word' id='word_1_168' title='bbox 1160 2594 1231 2668; x_wconf 93' lang='lat' dir='ltr'><strong>hoc</strong></span> <span class='ocrx_word' id='word_1_169' title='bbox 1252 2592 1382 2670; x_wconf 86' lang='lat' dir='ltr'><strong>nostrae</strong></span> <span class='ocrx_word' id='word_1_170' title='bbox 1402 2593 1665 2689; x_wconf 85' lang='lat' dir='ltr'><strong>constitutionis</strong></span> <span class='ocrx_word' id='word_1_171' title='bbox 1680 2597 1755 2698; x_wconf 88' lang='lat' dir='ltr'><strong>pri·</strong></span> 
     </span>
     <span class='ocr_line' id='line_1_21' title="bbox 491 2693 1753 2796; baseline 0.004 -24"><span class='ocrx_word' id='word_1_172' title='bbox 491 2699 670 2796; x_wconf 83' lang='lat' dir='ltr'><strong>vilegium</strong></span> <span class='ocrx_word' id='word_1_173' title='bbox 685 2719 830 2795; x_wconf 91' lang='lat' dir='ltr'><strong>quoquo</strong></span> <span class='ocrx_word' id='word_1_174' title='bbox 844 2697 953 2771; x_wconf 90' lang='lat' dir='ltr'><strong>modo</strong></span> <span class='ocrx_word' id='word_1_175' title='bbox 965 2693 1191 2791; x_wconf 84' lang='lat' dir='ltr'><strong>infringere,</strong></span> <span class='ocrx_word' id='word_1_176' title='bbox 1215 2695 1256 2770; x_wconf 88' lang='lat' dir='ltr'><strong>in</strong></span> <span class='ocrx_word' id='word_1_177' title='bbox 1269 2696 1429 2772; x_wconf 89' lang='lat' dir='ltr'><strong>deterius</strong></span> <span class='ocrx_word' id='word_1_178' title='bbox 1448 2713 1657 2795; x_wconf 87' lang='lat' dir='ltr'><strong>permutare</strong></span> <span class='ocrx_word' id='word_1_179' title='bbox 1677 2699 1753 2777; x_wconf 85' lang='lat' dir='ltr'><strong>five</strong></span> 
     </span>
     <span class='ocr_line' id='line_1_22' title="bbox 492 2795 1753 2898; baseline 0.001 -22"><span class='ocrx_word' id='word_1_180' title='bbox 492 2799 684 2876; x_wconf 85' lang='lat' dir='ltr'><strong>adnullare</strong></span> <span class='ocrx_word' id='word_1_181' title='bbox 699 2799 812 2875; x_wconf 91' lang='lat' dir='ltr'><strong>sciens</strong></span> <span class='ocrx_word' id='word_1_182' title='bbox 833 2795 1114 2898; x_wconf 80' lang='lat' dir='ltr'><strong>praesumpserit,</strong></span> <span class='ocrx_word' id='word_1_183' title='bbox 1140 2795 1390 2893; x_wconf 80' lang='lat' dir='ltr'><strong>agratiajusti</strong></span> <span class='ocrx_word' id='word_1_184' title='bbox 1410 2796 1547 2894; x_wconf 82' lang='lat' dir='ltr'><strong>judicis</strong></span> <span class='ocrx_word' id='word_1_185' title='bbox 1571 2799 1642 2876; x_wconf 91' lang='lat' dir='ltr'><strong>Dei</strong></span> <span class='ocrx_word' id='word_1_186' title='bbox 1660 2799 1753 2877; x_wconf 90' lang='lat' dir='ltr'><strong>sem·</strong></span> 
     </span>
     <span class='ocr_line' id='line_1_23' title="bbox 485 2897 1914 3002; baseline 0.001 -26"><span class='ocrx_word' id='word_1_187' title='bbox 485 2925 557 3002; x_wconf 77' lang='lat' dir='ltr'><strong>¹per</strong></span> <span class='ocrx_word' id='word_1_188' title='bbox 569 2903 726 2978; x_wconf 84' lang='lat' dir='ltr'><strong>extorris</strong></span> <span class='ocrx_word' id='word_1_189' title='bbox 739 2899 934 2986; x_wconf 85' lang='lat' dir='ltr'><strong>efficiatur,</strong></span> <span class='ocrx_word' id='word_1_190' title='bbox 949 2897 988 2976; x_wconf 90' lang='lat'><strong>&amp;</strong></span> <span class='ocrx_word' id='word_1_191' title='bbox 1003 2898 1049 2974; x_wconf 88' lang='lat' dir='ltr'><strong>ab</strong></span> <span class='ocrx_word' id='word_1_192' title='bbox 1062 2898 1216 2974; x_wconf 89' lang='lat' dir='ltr'><strong>introitu</strong></span> <span class='ocrx_word' id='word_1_193' title='bbox 1230 2897 1333 2992; x_wconf 87' lang='lat' dir='ltr'><strong>regni</strong></span> <span class='ocrx_word' id='word_1_194' title='bbox 1343 2897 1546 2989; x_wconf 88' lang='lat' dir='ltr'><strong>co&#39;elorum,</strong></span> <span class='ocrx_word' id='word_1_195' title='bbox 1561 2898 1666 2997; x_wconf 85' lang='lat' dir='ltr'><strong>cujus</strong></span> <span class='ocrx_word' id='word_1_196' title='bbox 1680 2904 1755 2991; x_wconf 83' lang='lat' dir='ltr'><strong>cla·</strong></span> <span class='ocrx_word' id='word_1_197' title='bbox 1906 2907 1914 2914; x_wconf 76' lang='grc'><strong>”</strong></span> 
     </span>
     <span class='ocr_line' id='line_1_24' title="bbox 481 2999 1814 3102; baseline -0.005 -28"><span class='ocrx_word' id='word_1_198' title='bbox 481 3028 559 3080; x_wconf 46' lang='grc' dir='ltr'><strong>γνεε</strong></span> <span class='ocrx_word' id='word_1_199' title='bbox 572 3005 679 3080; x_wconf 89' lang='lat' dir='ltr'><strong>beato</strong></span> <span class='ocrx_word' id='word_1_200' title='bbox 703 3007 813 3082; x_wconf 89' lang='lat' dir='ltr'><strong>Petro</strong></span> <span class='ocrx_word' id='word_1_201' title='bbox 827 2999 1024 3078; x_wconf 83' lang='lat' dir='ltr'><strong>commissae</strong></span> <span class='ocrx_word' id='word_1_202' title='bbox 1039 2999 1145 3088; x_wconf 90' lang='lat' dir='ltr'><strong>sunt,</strong></span> <span class='ocrx_word' id='word_1_203' title='bbox 1170 3000 1407 3088; x_wconf 86' lang='lat' dir='ltr'><strong>excludatur,</strong></span> <span class='ocrx_word' id='word_1_204' title='bbox 1431 2999 1471 3077; x_wconf 79' lang='lat' dir='ltr'><strong>dr</strong></span> <span class='ocrx_word' id='word_1_205' title='bbox 1484 3023 1633 3099; x_wconf 87' lang='lat' dir='ltr'><strong>poenam</strong></span> <span class='ocrx_word' id='word_1_206' title='bbox 1646 3004 1754 3102; x_wconf 77' lang='lat' dir='ltr'><strong>Jndae</strong></span> <span class='ocrx_word' id='word_1_207' title='bbox 1810 3061 1814 3068; x_wconf 93' lang='lat'>.</span> 
     </span>
    </p>

    <p class='ocr_par' dir='ltr' id='par_1_6' title="bbox 348 3101 1752 3504">
     <span class='ocr_line' id='line_1_25' title="bbox 348 3101 1750 3205; baseline -0.001 -25"><span class='ocrx_word' id='word_1_208' title='bbox 348 3149 351 3156; x_wconf 35' lang='grc' dir='ltr'>ι</span> <span class='ocrx_word' id='word_1_209' title='bbox 414 3103 417 3116; x_wconf 85' lang='grc'><strong>’</strong></span> <span class='ocrx_word' id='word_1_210' title='bbox 493 3106 687 3205; x_wconf 84' lang='lat' dir='ltr'><strong>proditoris</strong></span> <span class='ocrx_word' id='word_1_211' title='bbox 710 3128 798 3197; x_wconf 82' lang='lat' dir='ltr'><strong>curn</strong></span> <span class='ocrx_word' id='word_1_212' title='bbox 811 3105 978 3178; x_wconf 89' lang='lat' dir='ltr'><strong>omnium</strong></span> <span class='ocrx_word' id='word_1_213' title='bbox 1003 3102 1242 3200; x_wconf 90' lang='lat' dir='ltr'><strong>reproborum</strong></span> <span class='ocrx_word' id='word_1_214' title='bbox 1261 3101 1381 3198; x_wconf 86' lang='lat' dir='ltr'><strong>capite</strong></span> <span class='ocrx_word' id='word_1_215' title='bbox 1397 3101 1607 3201; x_wconf 85' lang='lat' dir='ltr'><strong>&amp;corpore</strong></span> <span class='ocrx_word' id='word_1_216' title='bbox 1641 3118 1750 3181; x_wconf 87' lang='lat' dir='ltr'><strong>aeter·</strong></span> 
     </span>
     <span class='ocr_line' id='line_1_26' title="bbox 495 3199 1751 3304; baseline 0.001 -24"><span class='ocrx_word' id='word_1_217' title='bbox 495 3206 656 3295; x_wconf 90' lang='lat' dir='ltr'><strong>naliter,</strong></span> <span class='ocrx_word' id='word_1_218' title='bbox 686 3207 751 3282; x_wconf 88' lang='lat' dir='ltr'><strong>nifi</strong></span> <span class='ocrx_word' id='word_1_219' title='bbox 790 3203 991 3304; x_wconf 81' lang='lat' dir='ltr'><strong>resipiscat,</strong></span> <span class='ocrx_word' id='word_1_220' title='bbox 1024 3201 1206 3278; x_wconf 90' lang='lat' dir='ltr'><strong>sortiatur.</strong></span> <span class='ocrx_word' id='word_1_221' title='bbox 1259 3199 1397 3282; x_wconf 78' lang='lat' dir='ltr'><strong>Attum</strong></span> <span class='ocrx_word' id='word_1_222' title='bbox 1430 3204 1469 3278; x_wconf 91' lang='lat' dir='ltr'><strong>in</strong></span> <span class='ocrx_word' id='word_1_223' title='bbox 1493 3203 1569 3302; x_wconf 90' lang='lat' dir='ltr'><strong>ipsa</strong></span> <span class='ocrx_word' id='word_1_224' title='bbox 1600 3204 1751 3282; x_wconf 76' lang='lat' dir='ltr'><strong>ecclesia</strong></span> 
     </span>
     <span class='ocr_line' id='line_1_27' title="bbox 493 3302 1752 3409; baseline -0.001 -26"><span class='ocrx_word' id='word_1_225' title='bbox 493 3309 778 3409; x_wconf 71' lang='lat' dir='ltr'><strong>Alirnmunflrr,</strong></span> <span class='ocrx_word' id='word_1_226' title='bbox 836 3328 961 3382; x_wconf 89' lang='lat' dir='ltr'><strong>coram</strong></span> <span class='ocrx_word' id='word_1_227' title='bbox 989 3303 1149 3379; x_wconf 84' lang='lat' dir='ltr'><strong>fratrum</strong></span> <span class='ocrx_word' id='word_1_228' title='bbox 1177 3302 1465 3380; x_wconf 87' lang='lat' dir='ltr'><strong>ministerialium</strong></span> <span class='ocrx_word' id='word_1_229' title='bbox 1503 3327 1547 3382; x_wconf 92' lang='lat' dir='ltr'><strong>ac</strong></span> <span class='ocrx_word' id='word_1_230' title='bbox 1576 3308 1752 3406; x_wconf 89' lang='lat' dir='ltr'><strong>plurimo-</strong></span> 
     </span>
     <span class='ocr_line' id='line_1_28' title="bbox 492 3404 1752 3504; baseline -0.001 -18"><span class='ocrx_word' id='word_1_231' title='bbox 492 3434 576 3486; x_wconf 87' lang='lat' dir='ltr'><strong>rum</strong></span> <span class='ocrx_word' id='word_1_232' title='bbox 602 3406 926 3486; x_wconf 81' lang='lat' dir='ltr'><strong>Laureshamenfis</strong></span> <span class='ocrx_word' id='word_1_233' title='bbox 956 3405 1117 3482; x_wconf 76' lang='lat' dir='ltr'><strong>ecclesiae</strong></span> <span class='ocrx_word' id='word_1_234' title='bbox 1148 3404 1315 3482; x_wconf 90' lang='lat' dir='ltr'><strong>fidelium</strong></span> <span class='ocrx_word' id='word_1_235' title='bbox 1345 3408 1567 3504; x_wconf 83' lang='lat' dir='ltr'><strong>frequentia,</strong></span> <span class='ocrx_word' id='word_1_236' title='bbox 1598 3409 1637 3484; x_wconf 93' lang='lat' dir='ltr'><strong>in</strong></span> <span class='ocrx_word' id='word_1_237' title='bbox 1662 3407 1752 3486; x_wconf 89' lang='lat' dir='ltr'><strong>festo</strong></span> 
     </span>
    </p>

    <p class='ocr_par' dir='ltr' id='par_1_7' title="bbox 357 3507 1751 3608">
     <span class='ocr_line' id='line_1_29' title="bbox 357 3507 1751 3608; baseline -0.001 -20"><span class='ocrx_word' id='word_1_238' title='bbox 357 3545 365 3564; x_wconf 90' lang='lat'><strong>·</strong></span> <span class='ocrx_word' id='word_1_239' title='bbox 445 3539 454 3562; x_wconf 73' lang='lat'><strong><em>⁹</em></strong></span> <span class='ocrx_word' id='word_1_240' title='bbox 493 3513 594 3588; x_wconf 86' lang='lat' dir='ltr'><strong>beati</strong></span> <span class='ocrx_word' id='word_1_241' title='bbox 619 3514 744 3600; x_wconf 87' lang='lat' dir='ltr'><strong>Petri,</strong></span> <span class='ocrx_word' id='word_1_242' title='bbox 769 3535 865 3587; x_wconf 90' lang='lat' dir='ltr'><strong>anno</strong></span> <span class='ocrx_word' id='word_1_243' title='bbox 905 3507 1111 3584; x_wconf 83' lang='lat' dir='ltr'><strong>Dominicae</strong></span> <span class='ocrx_word' id='word_1_244' title='bbox 1134 3509 1398 3584; x_wconf 86' lang='lat' dir='ltr'><strong>incarnationis</strong></span> <span class='ocrx_word' id='word_1_245' title='bbox 1430 3509 1620 3598; x_wconf 87' lang='lat' dir='ltr'>MLXXI‚</span> <span class='ocrx_word' id='word_1_246' title='bbox 1646 3512 1751 3608; x_wconf 82' lang='lat' dir='ltr'><strong>regni</strong></span> 
     </span>
    </p>

    <p class='ocr_par' dir='ltr' id='par_1_8' title="bbox 413 3612 1846 3912">
     <span class='ocr_line' id='line_1_30' title="bbox 413 3612 1751 3710; baseline -0.002 -19"><span class='ocrx_word' id='word_1_247' title='bbox 413 3629 423 3647; x_wconf 82' lang='lat'><em>⁰</em></span> <span class='ocrx_word' id='word_1_248' title='bbox 492 3637 579 3691; x_wconf 90' lang='lat' dir='ltr'><strong>vero</strong></span> <span class='ocrx_word' id='word_1_249' title='bbox 595 3615 760 3690; x_wconf 91' lang='lat' dir='ltr'><strong>Heinrici</strong></span> <span class='ocrx_word' id='word_1_250' title='bbox 774 3612 894 3710; x_wconf 87' lang='lat' dir='ltr'><strong>quarti</strong></span> <span class='ocrx_word' id='word_1_251' title='bbox 907 3612 1163 3688; x_wconf 89' lang='lat' dir='ltr'><strong>Romanorum</strong></span> <span class='ocrx_word' id='word_1_252' title='bbox 1177 3612 1275 3706; x_wconf 87' lang='lat' dir='ltr'><strong>regis</strong></span> <span class='ocrx_word' id='word_1_253' title='bbox 1290 3635 1386 3686; x_wconf 88' lang='lat' dir='ltr'><strong>anno</strong></span> <span class='ocrx_word' id='word_1_254' title='bbox 1401 3612 1484 3699; x_wconf 86' lang='lat' dir='ltr'><strong>XV,</strong></span> <span class='ocrx_word' id='word_1_255' title='bbox 1500 3612 1669 3688; x_wconf 84' lang='lat' dir='ltr'><strong>introitus</strong></span> <span class='ocrx_word' id='word_1_256' title='bbox 1684 3637 1751 3688; x_wconf 90' lang='lat' dir='ltr'><strong>au·</strong></span> 
     </span>
     <span class='ocr_line' id='line_1_31' title="bbox 490 3713 1795 3816; baseline -0.001 -24"><span class='ocrx_word' id='word_1_257' title='bbox 490 3717 567 3792; x_wconf 72' lang='lat' dir='ltr'><strong>te‘m</strong></span> <span class='ocrx_word' id='word_1_258' title='bbox 595 3718 733 3791; x_wconf 89' lang='lat' dir='ltr'><strong>domini</strong></span> <span class='ocrx_word' id='word_1_259' title='bbox 758 3713 925 3792; x_wconf 90' lang='lat' dir='ltr'><strong>Udalrici</strong></span> <span class='ocrx_word' id='word_1_260' title='bbox 957 3713 1104 3790; x_wconf 89' lang='lat' dir='ltr'><strong>abbatis</strong></span> <span class='ocrx_word' id='word_1_261' title='bbox 1130 3734 1226 3787; x_wconf 91' lang='lat' dir='ltr'><strong>anno</strong></span> <span class='ocrx_word' id='word_1_262' title='bbox 1251 3713 1357 3800; x_wconf 86' lang='lat' dir='ltr'><strong>XVl,</strong></span> <span class='ocrx_word' id='word_1_263' title='bbox 1383 3713 1573 3789; x_wconf 80' lang='lat' dir='ltr'><strong>indistione</strong></span> <span class='ocrx_word' id='word_1_264' title='bbox 1595 3713 1754 3791; x_wconf 81' lang='lat' dir='ltr'><strong>feliciter</strong></span> <span class='ocrx_word' id='word_1_265' title='bbox 1791 3811 1795 3816; x_wconf 64' lang='lat'><strong>,</strong></span> 
     </span>
     <span class='ocr_line' id='line_1_32' title="bbox 491 3813 1846 3912; baseline -0.003 -20"><span class='ocrx_word' id='word_1_266' title='bbox 491 3819 530 3893; x_wconf 92' lang='lat' dir='ltr'><strong>in</strong></span> <span class='ocrx_word' id='word_1_267' title='bbox 556 3819 697 3894; x_wconf 85' lang='lat' dir='ltr'><strong>Christo</strong></span> <span class='ocrx_word' id='word_1_268' title='bbox 713 3817 831 3892; x_wconf 88' lang='lat' dir='ltr'><strong>amen.</strong></span> <span class='ocrx_word' id='word_1_269' title='bbox 860 3813 920 3889; x_wconf 86' lang='lat' dir='ltr'><strong>Ab</strong></span> <span class='ocrx_word' id='word_1_270' title='bbox 934 3838 997 3909; x_wconf 86' lang='lat' dir='ltr'><strong>eo,</strong></span> <span class='ocrx_word' id='word_1_271' title='bbox 1013 3839 1085 3912; x_wconf 93' lang='lat' dir='ltr'><strong>quo</strong></span> <span class='ocrx_word' id='word_1_272' title='bbox 1099 3815 1261 3912; x_wconf 89' lang='lat' dir='ltr'><strong>primum</strong></span> <span class='ocrx_word' id='word_1_273' title='bbox 1275 3835 1339 3912; x_wconf 87' lang='lat' dir='ltr'><strong>per</strong></span> <span class='ocrx_word' id='word_1_274' title='bbox 1365 3815 1614 3911; x_wconf 84' lang='lat' dir='ltr'><strong>Rudgangum</strong></span> <span class='ocrx_word' id='word_1_275' title='bbox 1630 3817 1753 3893; x_wconf 89' lang='lat' dir='ltr'><strong>archi·</strong></span> <span class='ocrx_word' id='word_1_276' title='bbox 1837 3863 1846 3888; x_wconf 79' lang='lat'>‚</span> 
     </span>
    </p>

    <p class='ocr_par' dir='ltr' id='par_1_9' title="bbox 369 3913 1740 4024">
     <span class='ocr_line' id='line_1_33' title="bbox 369 3913 1740 4024; baseline 0.001 -32"><span class='ocrx_word' id='word_1_277' title='bbox 369 3941 373 3953; x_wconf 71' lang='grc'><strong>’</strong></span> <span class='ocrx_word' id='word_1_278' title='bbox 490 3920 695 4024; x_wconf 82' lang='lat' dir='ltr'><strong>episcopum</strong></span> <span class='ocrx_word' id='word_1_279' title='bbox 709 3919 839 3996; x_wconf 89' lang='lat' dir='ltr'><strong>eadem</strong></span> <span class='ocrx_word' id='word_1_280' title='bbox 854 3915 1064 3994; x_wconf 88' lang='lat' dir='ltr'><strong>consecrata</strong></span> <span class='ocrx_word' id='word_1_281' title='bbox 1086 3915 1135 3994; x_wconf 86' lang='lat' dir='ltr'><strong>est</strong></span> <span class='ocrx_word' id='word_1_282' title='bbox 1147 3913 1298 3994; x_wconf 85' lang='lat' dir='ltr'><strong>ecclelia</strong></span> <span class='ocrx_word' id='word_1_283' title='bbox 1312 3938 1421 4006; x_wconf 87' lang='lat' dir='ltr'><strong>anno,</strong></span> <span class='ocrx_word' id='word_1_284' title='bbox 1445 3917 1623 3996; x_wconf 88' lang='lat' dir='ltr'><strong>CCCllll.</strong></span> <span class='ocrx_word' id='word_1_285' title='bbox 1737 4004 1740 4006; x_wconf 5' lang='lat' dir='ltr'><strong>v</strong></span> 
     </span>
    </p>
   </div>
   <div class='ocr_carea' id='block_1_3' title="bbox 1070 4107 1693 4343">
    <p class='ocr_par' dir='ltr' id='par_1_10' title="bbox 1070 4107 1693 4343">
     <span class='ocr_line' id='line_1_34' title="bbox 1581 4107 1693 4216; baseline 0 0"><span class='ocrx_word' id='word_1_286' title='bbox 1581 4107 1693 4216; x_wconf 65' lang='lat' dir='ltr'><strong>Praee</strong></span> 
     </span>
     <span class='ocr_line' id='line_1_35' title="bbox 1070 4257 1251 4343; baseline 0 -14"><span class='ocrx_word' id='word_1_287' title='bbox 1070 4257 1251 4343; x_wconf 57' lang='grc' dir='ltr'><strong>,β</strong></span> 
     </span>
    </p>
   </div>
   <div class='ocr_carea' id='block_1_4' title="bbox 1115 4351 1147 4417">
    <p class='ocr_par' dir='ltr' id='par_1_11' title="bbox 1115 4351 1147 4417">
     <span class='ocr_line' id='line_1_36' title="bbox 1115 4351 1147 4417; baseline 0 0"><span class='ocrx_word' id='word_1_288' title='bbox 1115 4351 1147 4417; x_wconf 76' lang='lat' dir='ltr'><strong><em>s</em></strong></span> 
     </span>
    </p>
   </div>
   <div class='ocr_carea' id='block_1_5' title="bbox 0 0 2010 5417">
    <p class='ocr_par' dir='ltr' id='par_1_12' title="bbox 0 0 2010 5417">
     <span class='ocr_line' id='line_1_37' title="bbox 0 0 2010 5417; baseline 0 0"><span class='ocrx_word' id='word_1_289' title='bbox 0 0 2010 5417; x_wconf 95' lang='lat' dir='ltr'><strong> </strong></span> 
     </span>
    </p>
   </div>
  </div>
 </body>
</html>
