4000 5417
433 414 542 495 sne.
570 408 632 489 IX
656 412 916 491 Lunovrco
942 396 1109 489 Grani.
1137 432 1283 489 nece.
1437 400 1486 508 '65

1134 576 1489 595 Ἣ

650 748 655 753 ·‘
789 710 969 804 XXXI.

336 834 636 965 Praeceptum*
661 844 873 948 Ludomr'ci
898 849 945 935 da
969 847 1070 935 navi
1100 842 1368 937 Wormotiae.
1526 860 1673 929 tument
1760 906 1766 911 -

210 1036 265 1169 ln
279 1018 427 1095 nomine
440 1008 569 1093 sanstae
583 1011 831 1091 &individuae
845 1012 1046 1093 Trinitatis.
1073 1014 1351 1093 Hnonowrcos
1365 948 1702 1101 &massm-

263 1122 411 1197 favente
427 1108 548 1215 gratia
568 1138 645 1192 rer.
697 1115 884 1193 Omnibus
898 1116 1101 1219 episcopis,
1126 1118 1351 1210 abbatibus,
1377 1117 1488 1193 abba·
1507 1120 1699 1223 char-tenu·

213 1222 317 1311 ciffis,
343 1221 558 1307 comitibus,
584 1217 753 1304 vicariis,
778 1220 1022 1309 centenariis,
1048 1219 1282 1307 astionariis,
1307 1232 1488 1320 pontona-
1515 1227 1569 1291 1¹¹⁸
1581 1206 1700 1271 ΜΘ

213 1324 296 1413 riis,
321 1323 485 1399 clusariis
500 1322 560 1397 vel
576 1319 716 1397 cuniiis
739 1317 1051 1401 fidelibussansiae
1072 1323 1142 1398 Dei
1155 1321 1316 1400 ecclefiae
1340 1321 1487 1398 nostris·
1518 1302 1699 1361 mmm*

215 1448 297 1524 que,
312 1423 547 1525 praesentibus
560 1421 696 1498 scilicet
708 1419 748 1499 δι
760 1420 917 1511 sutuds,
930 1423 968 1499 in
981 1446 1124 1520 regnoa
1138 1424 1216 1501 Deo
1230 1424 1335 1501 nobis
1348 1425 1485 1501 collato

216 1527 504 1614 consrstentibus,
520 1532 650 1601 notum
668 1523 736 1612 fit,
762 1522 919 1621 qualiter
931 1527 1081 1623 quidam
1101 1526 1159 1603 vir
1173 1518 1390 1603 venerabilis
1421 1526 1486 1603 Ei·

216 1630 394 1725 gilbertus
416 1629 532 1721 abbas
556 1650 604 1702 ex
625 1622 844 1701 monasterio
866 1624 975 1702 santii
990 1628 1164 1716 Neratii,
1187 1628 1251 1705 ubi
1265 1626 1484 1726 praeclarilli·

216 1752 303 1806 mus
316 1744 460 1825 martyr
482 1724 619 1805 Christi
632 1749 782 1826 corpore
798 1727 984 1823 requiescit
1001 1782 1011 1815 ,
1036 1752 1105 1804 nec
1116 1752 1192 1803 non
1205 1728 1245 1804 dr
1259 1729 1430 1805 monachi
1445 1730 1485 1805 in

215 1833 348 1907 eodem
363 1829 580 1905 monasterio
596 1830 673 1905 Deo
687 1828 930 1917 famulantes,
944 1829 1130 1929 deprecati
1144 1828 1227 1903 sunt
1238 1828 1486 1905 oelfimdinem

215 1932 389 2020 nostram,
407 1945 449 2007 ut
461 1953 577 2007 unam
590 1952 724 2007 navem
739 1952 805 2029 per
829 1928 962 2007 Renum
976 1930 1144 2018 fluvium,
1160 1929 1206 2006 ob
1219 1930 1419 2005 utilitatem
1433 1946 1487 2005 at·
1508 1933 1513 1944 '

216 2054 291 2132 que
303 2033 546 2109 neceffitatem
554 2054 681 2107 eorum
695 2030 979 2131 procurandam,
992 2030 1285 2111 adWormotiom
1298 2031 1488 2106 civitatem
1581 2068 1585 2075 ·

215 2136 319 2211 omni
336 2149 499 2234 tempore
512 2132 704 2209 discurrere
719 2132 889 2220 licuisset,
903 2132 943 2210 dc
956 2133 1092 2209 assidue
1106 2130 1182 2209 hoc
1195 2131 1357 2233 illucque
1373 2144 1509 2207 nans·

212 2234 338 2313 meare
352 2232 532 2335 potuisset,
542 2234 678 2331 absque
686 2230 848 2329 alicujus
861 2236 1125 2310 contrarietate
1137 2233 1488 2335 autimpedimeoto;

213 2360 370 2435 quorum
395 2336 611 2437 petitionem
636 2336 817 2431 denegare
837 2336 1054 2425 noluimus,
1081 2334 1143 2409 sed
1164 2335 1256 2411 srcut
1289 2335 1487 2430 unicuique

211 2440 375 2515 fidelium
399 2438 601 2514 nostrorum
618 2434 711 2533 juste
733 2437 967 2537 petentium,
1001 2438 1057 2513 ita
1072 2459 1141 2512 nos
1167 2437 1244 2512 iilis
1268 2434 1484 2522 concellrlle,

213 2558 323 2639 atque
338 2542 377 2616 in
391 2540 562 2617 ¹omnibus
586 2537 809 2615 coniinnalle
822 2541 992 2615 omnium
1012 2536 1179 2614 fidelium
1205 2537 1408 2615 nostrorum
1422 2560 1483 2612 co·

213 2644 360 2741 gnoscat
373 2642 600 2739 magnitudo.
617 2642 666 2717 Et
672 2640 743 2716 hos
756 2641 878 2740 apices
893 2641 1097 2718 serenitatis
1103 2639 1234 2718 nollrae
1249 2638 1403 2741 praefato
1418 2639 1482 2715 Ei·

212 2745 370 2841 gilberto
386 2744 510 2819 abbati
523 2742 564 2817 δι’
575 2744 818 2823 monachisin
836 2745 967 2820 eodem
981 2742 1197 2821 monasterio
1211 2742 1483 2819 consrstentibus

97 2848 103 2852 ’
212 2846 296 2923 fieri
320 2843 576 2925 decrevimus,
600 2844 663 2937 'per
685 2864 777 2936 quos
801 2842 1058 2934 decernimus,
1083 2862 1195 2943 atque
1212 2844 1414 2941 jubemus,
1441 2857 1484 2919 ut

213 2946 344 3023 nullus
368 2941 556 3043 episcopus
576 2940 636 3015 vel
662 2940 800 3028 abbas,
826 2966 892 3019 nec
907 2944 1107 3036 abbatissa,
1136 2970 1254 3045 neque
1267 2970 1393 3023 comes
1419 2958 1485 3021 aut

215 3045 395 3132 vicariae,
422 3043 484 3120 seu
497 3040 754 3130 centenarius,
779 3058 845 3119 aut
863 3046 1050 3138 clusarins,
1065 3070 1132 3124 nec
1157 3050 1406 3147 pontonarius
1422 3071 1484 3122 ne·
1623 3057 1642 3093 ⁰

216 3164 287 3247 que
311 3148 412 3223 ullus
432 3145 550 3243 judex
570 3143 741 3243 publicus
758 3144 854 3231 ,seu
874 3148 997 3246 aliqua
1017 3150 1174 3250 potestas
1187 3150 1341 3251 pmesato
1367 3149 1484 3244 Eigil·

217 3252 321 3329 berto
342 3250 482 3337 abbati,
496 3268 617 3348 neque
630 3246 820 3321 monachis
832 3270 880 3323 ex
902 3251 1118 3327 monasterio
1142 3250 1250 3327 santii
1264 3250 1413 3329 Nazarii
1427 3250 1487 3323 ul·

217 3355 298 3429 lam
310 3353 481 3449 deinceps
507 3344 712 3421 molestiam
727 3360 791 3423 aut
817 3350 981 3447 aliquam
1004 3352 1232 3429 calumniam
1248 3352 1366 3431 facere
1385 3371 1485 3450 prae·

218 3454 356 3542 sumat,
383 3466 450 3544 aut
466 3446 624 3535 audeat,
650 3446 708 3521 sed
725 3445 815 3523 ficut
828 3451 884 3525 eis
905 3452 1217 3550 perdonavimus,
1243 3453 1294 3529 ita
1310 3454 1357 3529 ab
1380 3451 1487 3527 hodi·

218 3555 387 3648 ennodio
411 3552 450 3629 dr
476 3565 640 3649 tempore
656 3548 767 3625 liceat
790 3566 994 3626 memorato
1017 3552 1194 3628 abbati&
1219 3554 1411 3630 monachis
1424 3549 1487 3626 srbi

219 3654 415 3751 subjeiiis,
441 3648 648 3753 licutsupra
663 3652 856 3740 diximus,
881 3674 995 3727 unam
1010 3676 1145 3729 navem
1161 3653 1308 3730 illomm
1333 3674 1398 3755 per
1422 3650 1489 3729 Rr-

180 3758 183 3799 ³
214 3772 304 3833 irtam
318 3756 472 3831 fluvium
493 3755 566 3830 huc
591 3754 753 3851 illucque
772 3754 997 3845 discurrere,
1024 3756 1126 3834 &ad
1146 3770 1297 3859 portum
1326 3756 1488 3837 Worma-

177 3870 182 3875 “
215 3862 307 3934 riom
321 3858 509 3935 civitatem
521 3857 659 3955 absque
683 3857 763 3933 ullo
777 3858 952 3957 theloneo
972 3861 1185 3959 pervenire,
1211 3858 1250 3936 dr
1264 3856 1486 3949 necesitates

216 3984 348 4041 eorum
361 3982 429 4063 per
447 3960 542 4037 hanc
556 3958 715 4039 nostram
739 3960 995 4143 austoritatlem
1018 3960 1174 4041 feliciter
1198 3984 1383 4065 peragere.
1437 3960 1487 4041 Et
