4000 5417
366 365 414 388 ⁵
495 333 1311 466 sec.xi1He1‘mrcovaee-e.⁹
1426 417 1502 490 231

237 543 1508 582 ——a--ss———ss—-m

238 610 414 630 ᾔ

291 714 407 898 owe
423 693 551 886 ipptur
567 684 744 774 sectmda
759 681 1065 802 persecutione,
1084 713 1264 800 quarum
1281 646 1416 803 prima
1432 686 1509 782 sub
1581 735 1584 745 ·

373 808 447 890 init
477 812 572 906 ero,
591 797 721 886 altera
738 795 810 886 sub
840 797 1106 904 Gebehardo,
1124 797 1241 890 velut
1285 803 1346 890 ost
1372 803 1508 893 Nero·

233 947 335 1006 nem
362 916 609 1004 Domitiano
629 910 858 1026 grassante,
887 941 962 1028 per
987 829 1301 1029 Hirsaugiensss
1328 917 1506 1005 Lauren·

233 1030 541 1119 hammensibus
557 1025 671 1110 illata
689 1025 745 1110 est
763 1055 773 1122 3
803 1029 950 1113 Benno
967 1055 1026 1114 ex
1053 1029 1388 1142 Wizenburgenfi
1416 1056 1505 1115 mo·

233 1142 411 1232 nasterio
431 1203 442 1244 ,
470 1140 761 1237 mediante‚ut
777 1135 943 1240 fertur,
972 1139 1196 1250 Syrnonim
1226 1139 1429 1257 imperiali
1447 1142 1506 1230 sa-

232 1284 338 1346 vore
364 1253 503 1340 eidem
524 1250 616 1338 ioco
639 1247 975 1338 subintrodustus
998 1253 1080 1351 est,
1110 1258 1182 1367 qui
1198 1256 1288 1369 post
1321 1251 1508 1369 aliquan·

234 1390 304 1456 tos
323 1397 453 1454 armos
472 1393 549 1482 pro
569 1389 738 1449 morum
753 1359 923 1450 levitate
952 1364 997 1449 δι
1014 1361 1227 1452 insolentia
1251 1367 1431 1455 fratrum
1455 1395 1505 1455 ac

235 1477 590 1581 ministeriaiium,
628 1505 678 1562 ac
703 1478 913 1590 praecipue
942 1477 1140 1564 Bertholii
1165 1482 1341 1590 junioris
1377 1482 1506 1569 advo·

117 1598 123 1606 ’
234 1596 349 1696 cati,
378 1588 706 1709 conspirantibus
743 1589 877 1689 odiis,
915 1589 1056 1676 diruto
1081 1591 1211 1677 castro
1253 1591 1320 1681 W
1315 1589 1505 1680 ibenheim

235 1707 289 1792 de
306 1707 474 1791 abbatia
483 1705 769 1820 proturbatt'u,
785 1697 949 1788 corraso
962 1706 1004 1786 in
1017 1700 1265 1789 Lauresirum
1275 1704 1321 1788 δι
1336 1705 1503 1791 Abrins·

234 1821 334 1928 berg
353 1840 482 1928 atquew
498 1813 617 1914 alibi,
676 1836 774 1901 rout
791 1835 978 1930 poterat,
1008 1810 1271 1898 ecclesiastico
1298 1811 1504 1919 thesauro,

236 1929 290 2014 ad
309 1933 617 2042 imperatorem
637 1843 886 2014 &cimicum
907 1988 918 2029 ,
947 1947 1048 2012 tunc
1065 1927 1109 2010 in
1136 1922 1257 2014 ltalia
1275 1925 1408 2010 ferme
1435 1926 1504 2012 de·

208 2148 212 2157 „
234 2043 383 2124 cennio
402 2042 570 2127 turbata
595 2037 806 2154 republica
825 2041 1147 2146 demorantem,
1178 2038 1424 2141 contendit,
1452 2067 1504 2124 ac

233 2178 311 2266 per
338 2152 667 2256 Goouexmum
693 2151 995 2240 PALATrNum
1024 2150 1151 2238 Ram
1169 2175 1417 2254 commum,
1434 2180 1503 2240 cu·
1535 2199 1538 2203 <

211 2267 298 2373 -jus
322 2259 525 2348 sententia
553 2287 818 2350 momentum
843 2266 972 2350 curiae
997 2290 1074 2378 per
1101 2262 1143 2347 id
1172 2267 1375 2381 temporis
1399 2263 1502 2372 fuit,
1575 2365 1580 2372 ,

231 2375 535 2462 restitutionem
561 2377 774 2478 obtinuit,
804 2374 997 2492 promissa
1014 2377 1152 2462 eidem
1175 2379 1365 2462 omnium
1382 2377 1503 2462 bene·

230 2487 450 2590 fictorum,
479 2516 577 2603 quae
594 2485 678 2575 suis
704 2490 852 2576 diebus
878 2486 1057 2574 ecclefiae
1081 2510 1308 2588 vacarent,
1337 2515 1504 2574 conces·

230 2600 352 2688 fione.
409 2581 555 2710 Quam
591 2605 915 2691 conventionem
949 2599 1150 2687 mirabilis
1174 2630 1224 2686 ac
1260 2596 1504 2687 miserabilis

230 2715 402 2826 excepit
422 2735 613 2800 eventuS.
669 2715 786 2803 Nam
811 2711 969 2830 septem
1006 2711 1247 2830 principalia
1273 2711 1501 2817 beneficia,

231 2851 330 2934 quoe
356 2820 486 2930 vulgo
509 2853 562 2932 ap
591 2822 768 2910 elsantur
801 2825 849 2913 V
843 2823 1018 2926 ollehrn,
1051 2849 1190 2912 morte
1213 2822 1373 2938 septem
1387 2828 1503 2913 nobi·
1602 2889 1607 2900 .
1633 2853 1637 2862 ’

232 2931 476 3022 iissrmorum
494 2957 542 3012 ec
581 2933 672 3015 esrae
695 2931 882 3016 fidelium
898 2939 939 3020 in
967 2963 1095 3020 unam
1164 2933 1328 3040 rsonam
1346 2938 1504 3027 Gonu·

232 3075 366 3136 rrum
387 3044 430 3127 in
454 3043 574 3129 brevi
600 3041 799 3142 devoluta
821 3039 943 3149 sunt,
972 3047 1016 3133 dr
1035 3076 1091 3162 po
1151 3045 1285 3166 ipsum
1301 3047 1354 3134 ad
1381 3078 1503 3164 gene·
1579 3045 1602 3110 -'

234 3187 330 3244 rum
367 3156 491 3268 ejus,
524 3153 675 3239 ducem
704 3157 1083 3262 Wanepuouum,
1112 3161 1385 3260 transierunt,
1413 3190 1501 3247 ma·
1618 3198 1624 3210 ·

235 3276 358 3357 ximo
378 3267 572 3357 videlicet
588 3263 765 3354 ecclesiae
783 3269 1048 3357 detrimento.
1104 3274 1273 3360 Exinde
1301 3274 1503 3385 siquidem

212 3395 216 3402 '
236 3381 426 3470 militaris
445 3381 717 3496 clipeaturae,
746 3368 899 3466 scilicet
928 3383 1150 3497 Heresrilt,
1180 3387 1396 3496 integritas
1406 3413 1502 3468 con·

233 3492 321 3582 susa
350 3518 476 3607 atque
503 3497 546 3577 in
574 3490 734 3580 diversa
763 3491 950 3580 distracta
976 3497 1065 3596 est,
1099 3495 1144 3581 dr
1169 3493 1348 3597 ecclefiae
1371 3495 1501 3581 status

231 3626 321 3692 tam
338 3612 380 3690 in
409 3603 577 3690 militari
594 3604 855 3720 frequentia,
877 3632 1012 3719 ,quam
1033 3609 1079 3720 in
1102 3636 1148 3691 re
1171 3604 1430 3718 stipendiaria
1457 3610 1503 3693 in

230 3714 314 3804 suis
334 3719 687 3833 oportunitatibus
712 3720 757 3809 dr
786 3717 992 3834 regalibus
1017 3717 1355 3835 expeditionibus
1381 3719 1501 3804 inmi-
1580 3715 1584 3726 ’

230 3853 361 3917 nutus
383 3832 468 3932 est,
497 3829 725 3922 multorum
754 3831 936 3923 serviciis
962 3837 1005 3918 in
1029 3861 1157 3919 unam
1185 3824 1401 3947 personam
1419 3828 1501 3917 col·

229 3941 356 4054 latis,
383 3941 599 4062 solumque
616 3950 812 4063 remanfit
838 3950 959 4036 inane
981 3975 1137 4037 nomen
1155 3946 1330 4035 dominii
1355 3943 1500 4078 {br-bo·
1592 3959 1596 3967 '

495 4104 499 4116 ν
907 4105 910 4116 ·
1320 4085 1441 4146 mmn
