4000 5417
500 464 557 521 rrr
582 463 710 521 rano
738 448 1113 561 Loaonnnnnsr.
1370 456 1458 543 ⁶15³
1613 444 1643 537 ᾖ

1225 596 1230 605 ⁸
1267 614 1445 637 *ἢ

309 849 313 855 ,
710 747 936 837 DCCCIII.

270 877 452 970 Donatio
478 873 643 968 Einoldi
671 874 724 973 δ’
752 875 966 966 Lantbalti
993 874 1036 962 ia
1061 875 1341 967 Boterasheim.

172 1049 307 1191 Anno
324 1047 392 1124 XL
407 1045 510 1141 regni
531 1044 670 1121 domini
690 1042 798 1120 nostri
825 1043 948 1122 Caroli
963 1043 1197 1141 gloriofiffimi
1212 1046 1443 1145 imperatoris

259 1174 328 1245 ego
357 1149 484 1224 Einolt
497 1147 536 1224 δι
555 1147 731 1224 Lantbalt
745 1148 837 1223 don„
858 1147 905 1221 ad
919 1147 1079 1222 sanorum
1093 1146 1294 1223 Nazarium
1310 1147 1443 1223 Christi
1600 1147 1602 1155 ’

170 1265 376 1349 martyrem
401 1249 472 1340 &a
501 1272 566 1349 pro
592 1250 755 1326 remedio
784 1250 992 1326 animarum
1017 1249 1200 1345 Egilberti
1223 1249 1261 1327 &
1294 1248 1444 1345 Dagulfi

170 1356 294 1431 fratris
321 1353 401 1441 sui,
434 1350 506 1427 hoc
531 1353 630 1450 quod
661 1352 768 1436 nobis
790 1351 1012 1450 supradistus
1047 1352 1261 1448 Egilbertus
1292 1350 1445 1427 tradidit

170 1479 286 1531 manu
301 1453 543 1555 potestativa,
568 1468 612 1531 ut
625 1478 691 1553 pro
711 1478 757 1529 eo
769 1452 808 1530 ἃ
824 1456 937 1529 fratre
952 1453 1027 1543 juo.
1045 1454 1093 1529 ad
1107 1455 1268 1541 sanaum
1290 1454 1338 1529 N.
1367 1464 1442 1529 tra'-
1511 1492 1515 1501 .

169 1559 369 1645 daremus,
395 1558 496 1653 quod
517 1555 556 1632 δι
580 1555 766 1641 facimus,
792 1556 832 1629 id
845 1553 914 1643 est,
929 1554 1098 1653 mansum
1109 1554 1123 1651 j
1152 1558 1189 1630 in
1215 1553 1441 1630 Boteresheim

169 1657 209 1734 δι
224 1657 262 1752 xj
282 1658 418 1753 jurnal.
434 1658 481 1730 de
501 1669 600 1733 terra
624 1658 779 1744 arabili,
804 1656 1036 1754 &quidquid
1058 1660 1105 1732 ad
1126 1658 1244 1755 ipsum
1271 1656 1440 1731 mansum

170 1757 329 1857 aspicere
350 1757 498 1833 videtur
511 1756 583 1833 &o
635 1760 773 1835 Atrum
795 1759 900 1835 XVII
925 1759 1105 1833 kalendas
1127 1756 1227 1851 Aug.
1281 1756 1440 1853 Signum
1482 1735 1607 1815 ¹⁶·JUL

171 1860 321 1935 Einoldi
342 1859 380 1936 &
406 1859 628 1948 Lantbaldi,
661 1864 726 1959 qui
751 1861 848 1936 hanc
868 1860 1104 1935 donationem
1138 1858 1216 1933 fieri
1236 1856 1275 1933 δι
1300 1856 1440 1935 firmari

169 1976 410 2057 rogaverunt,
437 1961 580 2057 fignum
603 1963 829 2050 Eberuuini,
855 1960 1090 2051 Wolfhardi,
1117 1959 1302 2039 Isanberti.
1354 1957 1438 2044 Alt-

168 2064 306 2139 uuinus
321 2062 467 2165 scripsrt.

701 2166 928 2259 DCCCIV.

421 2292 603 2386 Donatio
629 2293 865 2412 Rutsuindis
890 2294 933 2383 in
961 2290 1187 2387 Nuzlolron.

163 2474 265 2603 Ego
280 2464 319 2539 in
344 2462 413 2538 Dei
428 2462 577 2537 nomine
603 2461 780 2539 Rutsuint
792 2485 859 2562 pro
880 2462 1043 2540 remedio
1066 2464 1202 2541 animae
1219 2484 1315 2541 mene
1339 2461 1438 2539 dono

243 2566 292 2641 ad
314 2564 475 2641 sanarum
502 2564 704 2639 Nazarium
730 2578 964 2661 martyrem,
991 2563 1055 2661 qui
1076 2566 1269 2663 requiescit
1302 2565 1340 2639 in
1360 2588 1438 2639 cor-

165 2688 253 2765 pore
275 2667 316 2740 in
335 2663 554 2741 monasterio
579 2664 838 2754 Lauresham,
862 2668 927 2743 ubi
950 2666 1009 2743 vir
1022 2666 1243 2743 venerabilis
1269 2663 1438 2741 Adalun·

165 2788 237 2861 gus
250 2764 346 2840 abba
360 2763 506 2862 praeeffe
520 2763 690 2851 videtur,
715 2767 966 2861 donatumque
981 2768 1021 2841 in
1035 2782 1253 2865 perpetuum
1268 2766 1336 2841 effe
1350 2766 1437 2843 volo

165 2867 204 2940 in
213 2888 307 2963 pago
333 2862 457 2937 Lobod.
482 2862 523 2934 in
545 2862 736 2935 Numam
747 2860 762 2954 j
790 2865 961 2938 mansum
981 2884 1069 2937 cum
1084 2869 1186 2939 omni
1201 2864 1357 2940 aedificio
1379 2864 1436 2938 su·

167 2964 371 3066 perpos1t0‚
397 2961 436 3038 &
455 2956 628 3056 jjvineas
642 2956 737 3054 &jjj
760 2963 974 3059 mancipia,
996 2962 1246 3048 Franconem,
1272 2964 1437 3039 Leubra·

167 3070 285 3155 dum,
311 3066 518 3149 Blauuam,
546 3058 753 3159 apraesenti
773 3060 832 3133 die
851 3058 992 3157 dejure
1015 3084 1097 3137 meo
1120 3063 1158 3137 in
1180 3060 1243 3156 jus
1257 3059 1297 3138 &
1315 3062 1436 3139 domi·

165 3170 273 3245 nium
287 3167 394 3244 sansti
411 3166 456 3242 N.
483 3163 590 3238 trado
605 3174 717 3259 atque
732 3159 968 3251 transfundo,
993 3162 1033 3235 in
1059 3162 1129 3238 Dei
1143 3162 1291 3239 nomine
1312 3187 1438 3263 perpe-

167 3272 318 3347 tualiter
333 3270 380 3345 ad
395 3264 652 3366 poffidendum.
704 3263 864 3359 Signum
889 3262 1131 3352 Rutsuindis,
1158 3286 1242 3360 quae
1255 3262 1353 3338 hanc
1373 3266 1440 3337 do·

166 3374 355 3451 nationem
370 3370 460 3445 fecit
482 3366 523 3443 δι
541 3366 681 3444 firmari
703 3364 874 3463 rogavit,
901 3364 1048 3463 fignum
1072 3364 1258 3463 rigiberti,
1285 3364 1439 3443 Heimo·

165 3476 244 3564 nis,
268 3472 480 3553 Eberunini.
535 3478 540 3485 '

817 3567 944 3662 CCV.
1049 3576 1054 3581 ’

256 3698 438 3790 Donatio
466 3667 669 3816 Egilherti
683 3702 737 3789 ἐκ
833 3701 934 3790 ilnre
951 3700 1087 3815 jaxtn
1113 3697 1342 3791 Nuzlohun.

162 3866 889 4006 Era-Eossmrurron..arsamum
915 3866 1124 3992 Nuntium*
1140 3878 1358 3993 martyrem
1370 3844 1449 3989 qn*

232 3966 514 4125 {enmono-m?
532 3970 1035 4122 m⁰³³ss³¹¹914915533223¹31
1059 3970 1103 4129 'in
1118 3968 1471 4153 Qsffiffl'
