4000 5417
522 459 628 537 Suc.
653 453 727 536 llll
752 455 1034 534 Faronnrco
1058 451 1211 544 lune.
1433 483 1509 564 πῃ

234 793 306 870 que
321 765 562 870 possessiones,
588 785 818 862 quaecunque
840 765 937 840 bona
956 764 1056 840 idem
1072 761 1334 840 monasterium
1360 763 1398 838 in
1413 785 1509 862 prae·

237 874 439 949 sentiarum
449 864 543 964 juste
556 866 595 943 dt
608 866 781 942 canonice
793 865 953 964 poffidet,
968 866 1086 944 autin
1107 865 1274 942 sunnam
1287 866 1507 943 conceffione

239 972 483 1074 pontificum,
509 968 703 1065 largitione
723 990 852 1063 regum
868 970 930 1045 vel
955 969 1179 1068 principum,
1212 968 1397 1044 oblatione
1417 965 1506 1050 fide·
1612 1046 1616 1056 ,

236 1075 334 1165 lium
349 1073 411 1148 seu
426 1071 508 1148 aliis
528 1069 633 1168 justis
649 1069 769 1145 modis
788 1069 981 1168 praestante
1007 1071 1167 1147 Domino
1183 1069 1319 1171 poterit
1338 1069 1506 1169 adipisci,

231 1175 343 1251 ‘sirma
357 1175 487 1263 vobis,
512 1171 713 1269 vestrisque
739 1169 996 1272 successoribus
1021 1171 1060 1250 dt
1084 1173 1231 1250 illibata
1245 1186 1505 1272 permaneant;

231 1277 424 1374 inquibus
437 1277 519 1352 haec
534 1275 690 1376 propriis
702 1273 878 1348 duximus
891 1275 1133 1375 exprimenda
1149 1274 1340 1354 vocabulis
1353 1299 1363 1350 ε
1379 1274 1504 1352 locum

195 1457 199 1470 ,
230 1379 361 1478 ipsum,
372 1381 417 1475 in
431 1401 506 1475 quo
522 1376 773 1478 praescriptum
796 1375 1056 1452 monasterium
1077 1379 1320 1455 construttum
1334 1375 1400 1467 est,
1416 1401 1504 1454 cum

201 1477 206 1492 '
231 1480 404 1558 omnibus
419 1479 650 1580 pertinentiis
678 1479 751 1553 suis
768 1531 778 1566 ,
803 1488 899 1552 vaus
911 1483 1144 1578 monasterium
1171 1504 1258 1556 cum
1272 1481 1504 1580 pertinentiis

230 1583 321 1673 suis,
345 1580 568 1657 albrinesberc
600 1606 687 1660 cum
707 1579 936 1680 pertinentiis
957 1580 1055 1671 suis,
1081 1583 1275 1759 Mimff
1288 1604 1375 1657 cum
1389 1583 1503 1682 perti·

230 1685 366 1761 nentiis
383 1684 482 1772 suis,
509 1683 682 1784 Capellam
697 1706 785 1758 cum
810 1682 1039 1779 pertinentiis
1064 1682 1161 1772 suis,
1223 1683 1390 1757 utenbura
1415 1709 1503 1761 cum

229 1787 462 1886 pertinentiis
475 1785 557 1860 suis.
585 1787 681 1862 Sane
697 1785 890 1860 novalium
907 1783 1129 1871 vestrorum,
1156 1806 1239 1880 quae
1252 1784 1407 1882 propriis
1422 1807 1503 1862 ma·

230 1889 342 1963 nibus
357 1901 423 1962 aut
438 1886 643 1985 sumptibus
655 1887 793 1975 colitis,
807 1886 881 1962 sive
896 1885 942 1960 de
957 1885 1195 1961 nutrimentis
1210 1883 1410 1960 vestrorum
1426 1887 1504 1960 ani·

230 1988 390 2063 malium
404 1990 530 2064 nullus
544 1990 693 2065 o'mnino
720 1987 863 2065 avobis
882 1987 1050 2062 decimas
1077 1985 1137 2061 vel
1155 1985 1336 2086 primitias
1355 1985 1504 2082 exigere

229 2090 441 2188 praesumat
468 2083 623 2167 'Liceat
643 2113 790 2190 quoque
812 2088 920 2165 vobis
941 2088 1095 2165 clericos
1110 2086 1149 2165 dc
1175 2088 1315 2176 laicos,
1335 2086 1502 2166 esaeculo

229 2189 434 2286 fugientes,
459 2191 598 2269 liberos
617 2191 657 2269 dt
676 2193 864 2269 absolutos
886 2192 1048 2291 recipere
1074 2192 1123 2266 ad
1136 2188 1435 2278 convertionem,
1461 2188 1502 2268 δι

228 2291 271 2366 in
285 2292 401 2368 vestro
426 2292 645 2369 monasterio
667 2295 809 2390 absque
829 2293 1111 2368 contradittione
1134 2292 1300 2389 qualibet
1330 2291 1500 2368 retinere.

227 2389 475 2477 Prohibemus
499 2395 660 2494 insuper,
686 2407 731 2470 ut
750 2394 845 2470 nulli
856 2393 1016 2470 fratrum
1030 2392 1233 2480 vestrorum
1255 2391 1332 2492 post
1363 2392 1502 2469 saliam

224 2492 265 2570 in
278 2496 360 2570 loco
370 2495 490 2572 ‚vestro
502 2495 755 2596 professionem
768 2494 878 2572 sassrt
890 2496 937 2571 de
952 2496 1085 2572 eodem
1099 2497 1181 2570 loco
1196 2495 1334 2592 absque
1349 2494 1500 2571 licentia

228 2597 372 2673 abbatis
387 2597 466 2686 sui,
492 2599 555 2674 nist
571 2600 724 2676 obtentu
747 2599 891 2674 artioris
911 2598 1126 2695 religionis,
1152 2595 1360 2694 discedere,
1385 2595 1499 2672 disce·

226 2697 377 2775 dentem
397 2723 486 2776 vero
501 2699 574 2776 stne
598 2701 858 2777 communium
879 2701 1087 2778 litterarum
1112 2697 1313 2777 vestratum
1328 2699 1500 2779 cautione

227 2802 356 2874 nullus
369 2802 505 2873 audeat
518 2802 682 2878 retinere.
710 2803 808 2878 Cum
821 2815 948 2880 autem
955 2803 1127 2899 generale
1143 2801 1374 2878 interdittum
1388 2815 1499 2878 terrae

226 2897 360 2985 fuerit,
386 2897 495 2970 liceat
507 2900 614 2973 vobis
628 2899 759 2976 elaufis
769 2901 895 2994 januis
910 2956 921 2991 ,
946 2930 1020 2978 non
1035 2904 1187 3003 pulsatis
1209 2903 1418 3001 campanis,
1433 2928 1499 2978 ex·

230 2997 340 3074 clusis
361 2997 561 3074 interdistis
576 2999 615 3074 dt
627 3003 970 3090 excommunicatis,
991 3003 1169 3104 subpressa
1184 3027 1285 3093 voce,
1301 3005 1428 3080 divina
1443 3003 1498 3080 os·

227 3099 311 3177 ficia
323 3099 518 3178 celebrare.
539 3099 779 3200 Sepulturam
793 3125 940 3202 quoque
955 3104 1064 3206 ipsius
1073 3106 1144 3182 loci
1157 3107 1314 3184 liberam
1328 3105 1395 3182 elle
1411 3130 1501 3182 con-

228 3205 420 3292 cedimus,
447 3217 491 3280 ut
515 3226 645 3278 eorum
665 3203 852 3280 devotioni
874 3205 914 3283 dt
938 3222 1117 3286 extremae
1140 3209 1346 3297 voluntati,
1374 3211 1438 3306 qui
1463 3210 1498 3284 se

226 3305 305 3381 illic
322 3306 463 3406 sepeliri
486 3305 797 3393 deliberaverint,
822 3307 887 3383 nist
909 3310 1004 3386 sorte
1029 3311 1340 3388 excommunicati
1354 3312 1415 3384 vel
1442 3311 1498 3383 in-

226 3407 367 3485 terditii
381 3409 474 3498 srnt,
502 3409 627 3484 nullus
651 3405 821 3495 obsistat,
847 3409 949 3486 salva
963 3426 1091 3494 tamen
1101 3409 1241 3508 justitia
1266 3412 1416 3486 illarum
1438 3433 1497 3484 ec-

225 3509 442 3601 clesiarum,
469 3512 639 3609 aquibus
664 3524 896 3586 mortuomm
916 3533 1068 3611 corpora
1091 3511 1286 3588 assumunt.
1339 3510 1404 3587 Ad
1415 3511 1497 3586 haec

227 3608 335 3684 vobis
343 3635 390 3685 ex
400 3614 626 3710 benignitate
643 3609 950 3710 sedisapostolicae
964 3613 1211 3709 indulgemus,
1225 3626 1269 3686 ut
1282 3611 1499 3686 sinedamno

226 3711 434 3788 vicinarum
454 3715 689 3793 ecclesiarum
709 3716 824 3790 cellas
840 3714 877 3789 in
892 3715 985 3790 locis
1011 3713 1138 3791 vestris
1153 3714 1213 3789 vel
1227 3713 1388 3788 oratoria
1399 3736 1499 3792 ¹con·

225 3811 387 3888 struendi
420 3839 507 3892 cum
533 3816 672 3894 assensu
703 3816 885 3894 diocesani
916 3816 1074 3918 episcopi
1099 3815 1288 3891 licentiam
1313 3813 1513 3894 habeatis„

225 3915 472 3994 Prohibemus
496 3917 665 4018 insuper,
691 3946 738 3998 ne
754 3935 808 4010 tu,
829 3919 883 3995 srli
898 3921 1026 4009 abbas,
1042 3920 1102 3997 vel
1129 3917 1225 3992 alius
1251 3915 1494 4017 posselliones,

223 4018 405 4109 decimas,
431 4021 636 4099 oblationes
656 4023 719 4100 seu
743 4023 817 4100 alia
843 4024 940 4101 bona
959 4017 1070 4124 ipsrus
1097 4018 1303 4096 monasterii
1319 4019 1367 4096 ad
1392 4043 1496 4097 men·

222 4119 301 4199 sant
314 4122 488 4215 abbatis,
520 4122 595 4204 srte
611 4128 661 4203 ad
678 4127 854 4220 yitlualia
869 4127 1054 4216 fratrum,
1075 4122 1236 4224 justitias
1269 4123 1495 4206 obedientia·
1607 4179 1610 4185 -

352 4282 359 4292 ι
830 4231 974 4329 Μω3
1344 4249 1442 4316 mm
