4000 5417
522 431 601 517 384
1014 398 1369 509 T'nanruouus

526 719 663 796 landus
676 721 773 797 abba
781 721 852 800 &a
862 724 1115 824 donatumque
1132 726 1170 802 in
1184 750 1229 827 pe
1272 738 1404 804 etuum
1418 725 1487 804 effe
1504 730 1701 823 volumus,
1724 734 1800 815 hoc

494 916 498 927 Ι
527 822 589 911 est,
616 824 853 901 medietatem
868 829 1035 905 omniurn
1049 850 1175 903 rerum
1193 855 1242 905 no
1359 852 1410 917 m,
1431 850 1530 926 quas
1547 831 1588 907 in
1602 852 1700 934 pago
1725 839 1799 915 Lo·

529 924 662 1005 bodon-
680 924 808 1015 idest,
833 928 873 1005 in
886 930 977 1007 villa
998 926 1295 1029 Hanrscuheshaim
1316 930 1560 1030 poffidemus,
1585 938 1682 1013 adie
1703 963 1796 1038 pm-

529 1024 627 1101 sente
640 1027 821 1103 tradimus
835 1044 946 1128 atque
962 1032 1279 1120 transfundimus,
1304 1034 1359 1109 ita
1372 1046 1415 1121 ut
1427 1034 1601 1135 deinceps
1617 1039 1667 1114 ad
1678 1040 1801 1139 ipstrrn

528 1126 656 1203 locum
668 1128 829 1206 santium
844 1134 866 1220 ‚'
881 1134 942 1207 vel
955 1132 1005 1209 ad
1026 1149 1177 1229 agentes
1191 1134 1301 1234 ipfius
1326 1135 1429 1211 omni
1445 1150 1611 1236 tempore
1631 1142 1803 1239 proficiat

529 1226 569 1307 in
582 1232 789 1326 augmentis
805 1230 1035 1332 stipulatione
1047 1234 1212 1313 subnixa
1264 1235 1402 1313 Attum
1415 1238 1456 1313 in
1469 1239 1688 1318 monasterio
1702 1244 1801 1319 Lau·

531 1331 665 1445 raham
680 1331 740 1407 die
754 1332 792 1409 &
807 1346 970 1435 ternpore
983 1359 1057 1433 quo
1070 1336 1188 1437 supra.
1240 1338 1399 1434 Signum
1413 1338 1554 1436 Ugonis
1576 1340 1801 1443 &conjugis

531 1450 612 1528 ejus
636 1433 889 1527 Eremhildis,
915 1438 980 1535 qui
1001 1436 1101 1515 hanc
1125 1439 1361 1516 donationem
1374 1440 1454 1515 fieri
1471 1440 1512 1517 ὅ(
1525 1442 1666 1521 firmari
1690 1461 1803 1544 raga-

531 1534 859 1633 venmt,.s1gnu1n
875 1539 1073 1636 Zuogonis.
1126 1542 1209 1640 Ego
1221 1542 1375 1623 Samson
1387 1557 1541 1642 togatus
1560 1543 1679 1648 scripti
1698 1548 1803 1628 hanc

530 1634 766 1717 donationem
780 1638 819 1717 &
842 1638 1037 1741 subscripfi.

1049 1842 1308 1939 CCCXXII.
1428 1868 1430 1879 '

370 2046 373 2054 .
532 1967 715 2068 Duratio
740 1971 934 2089 Ratfridi
962 1974 1151 2065 iraeadem
1172 1978 1272 2077 ailla
1291 1979 1341 2071 V
1359 1977 1549 2071 kalendas
1561 1978 1689 2101 ffalii
1702 2008 1805 2075 aare

589 2084 645 2181 X
652 2086 771 2201 regni
788 2085 936 2177 domiai
959 2090 1082 2202 narsiti
1108 2091 1257 2182 Karolr‘
1283 2092 1422 2209 magui
1437 2095 1568 2209 regis,
1596 2096 1751 2190 Ganda-

812 2214 816 2223 '
1016 2202 1135 2292 landa
1160 2205 1314 2294 abbate.
1738 2266 1787 2328 «ι-

532 2374 586 2505 In
600 2361 670 2441 Dei
682 2364 830 2443 nomine
845 2390 914 2465 ego
940 2366 1135 2447 Ratfridus
1149 2369 1246 2447 dono
1259 2370 1308 2445 ad
1329 2370 1490 2445 santium
1505 2366 1635 2446 Christi
1655 2307 1800 2467 martyt

585 2488 665 2541 rem
691 2468 910 2559 Nazarium,
926 2470 992 2569 qui
1012 2471 1202 2569 requiescit
1215 2473 1255 2546 in
1269 2493 1417 2569 corpore
1432 2470 1470 2545 in
1483 2470 1745 2569 pagoRinenfi,
1759 2474 1801 2549 in

533 2567 776 2660 monasterio,
801 2572 900 2671 quod
919 2585 1074 2651 vocatur
1096 2571 1327 2647 Lauresham
1349 2625 1362 2661 ‚
1386 2570 1491 2671 super
1514 2572 1672 2647 fluvium
1690 2572 1803 2656 wiu-

533 2693 601 2748 coz
615 2670 699 2762 fito,
724 2672 789 2750 ubi
801 2674 859 2751 vir
874 2674 1095 2753 venerabilis
1120 2673 1389 2749 Gundelandus
1418 2672 1516 2750 abba
1537 2673 1685 2772 praeeffe
1702 2674 1806 2752 vide·

532 2784 621 2862 tur,
646 2758 897 2875 donatumque
911 2777 950 2853 in
964 2786 1180 2877 perpetuum
1193 2772 1263 2851 eise
1275 2776 1382 2864 volo,
1405 2776 1479 2851 hoc
1494 2773 1562 2863 est,
1583 2798 1665 2851 rem
1681 2798 1806 2853 meam

392 2912 396 2915 ·
532 2874 691 2975 inpage
715 2878 904 2956 Lobodon.
931 2880 971 2954 in
995 2873 1323 2977 Hanrsaahashrimj
1350 2876 1523 2951 mansum
1547 2898 1635 2953 cum
1665 2879 1745 2954 casa
1766 2876 1819 2955 &v

532 2976 668 3067 scuria,
694 2980 733 3057 &
748 2980 927 3078 quidquid
941 2980 980 3055 in
994 2978 1071 3078 ipsa
1093 3001 1220 3055 marca
1240 2976 1336 3054 viius
1349 2976 1598 3068 sumhabere,
1623 2993 1776 3077 excepto
1787 2976 1804 3074 j

533 3076 663 3176 stirpo,
689 3095 770 3157 tarn
785 3080 943 3169 mansu,
971 3080 1133 3179 campis,
1159 3080 1294 3179 pratis,
1318 3078 1480 3179 pascuis,
1506 3079 1667 3178 perviis,
1692 3079 1806 3167 sslvis,

533 3178 672 3270 vineis,
698 3183 823 3279 aquis,
849 3203 1080 3281 aquarumve
1094 3181 1320 3270 decuffibus,
1346 3182 1473 3257 omnia
1487 3179 1584 3256 &ex
1605 3179 1805 3269 omnibus,

533 3292 657 3359 totum
673 3282 712 3362 &
727 3284 775 3360 ad
789 3284 987 3381 integrum,
1013 3282 1053 3361 δι
1065 3281 1108 3358 in
1132 3282 1353 3358 Staaenmim
1369 3284 1415 3359 de
1428 3293 1533 3382 prato
1547 3279 1596 3357 ad
1607 3282 1701 3356 duas
1716 3280 1806 3358 kar·

484 3426 486 3431 v
533 3384 644 3463 radas
658 3385 751 3475 feni,
765 3387 805 3464 &
818 3387 892 3463 duo
905 3384 1091 3484 mancipia
1104 3383 1328 3482 Udilbretx&
1348 3382 1575 3472 Theusuind‚
1602 3382 1807 3480 adie‘prae-

534 3487 636 3565 fente
650 3488 696 3565 de
706 3486 789 3586 jure
813 3512 897 3565 meo
912 3488 951 3563 in
967 3485 1030 3583 jus
1044 3486 1083 3564 δι
1108 3486 1319 3562 dominium
1332 3486 1440 3563 santti
1464 3484 1613 3562 Nazarii
1626 3484 1733 3561 trado
1749 3496 1810 3561 at·

535 3612 608 3691 que
621 3590 858 3679 transfundo,
884 3590 948 3677 ita,
963 3600 1007 3665 ut
1027 3588 1075 3665 ab
1094 3588 1168 3664 hac
1184 3589 1243 3665 die
1267 3588 1435 3665 habeatis
1451 3586 1534 3685 jure
1547 3586 1729 3677 habendi,
1754 3598 1810 3663 te·

535 3691 672 3783 nendi,
697 3692 885 3781 donandi,
912 3690 1153 3778 comutandi,
1179 3690 1240 3768 vei
1255 3690 1435 3788 quidquid
1459 3689 1594 3767 exinde
1608 3689 1727 3766 facere
1741 3712 1809 3763 vo-

536 3795 700 3885 lueritis,
726 3796 882 3873 liberam
897 3816 940 3871 ac
953 3790 1192 3869 firmiffimam
1213 3791 1252 3867 in
1276 3792 1449 3870 omnibus
1463 3792 1639 3869 habeatis
1702 3790 1809 3867 testa·

480 3968 486 3975 .
536 3908 626 3973 tem.
679 3896 720 3975 Si
735 3898 817 3999 quis
831 3918 938 3983 vero,
965 3895 1064 3992 quod
1087 3892 1256 3971 futurum
1276 3892 1344 3971 effe
1369 3919 1444 3969 non
1457 3894 1594 3983 credo,
1678 3895 1812 3991 reliqu

389 3986 392 3993 ’
441 4070 450 4077 ,
538 4021 666 4099 usqua:
693 4014 785 4081 tunc
799 4000 934 4079 inferat
959 3996 1008 4075 ad
1028 3993 1145 4113 ipsunt
1158 3998 1285 4078 locum
1308 3994 1468 4080 sanun
1505 3998 1568 4079 uel
1583 3998 1633 4076 ad
1657 4006 1813 4091 agentes

1648 4094 1762 4198 ipsus
