4000 5417
395 500 399 507 ¹
516 438 574 493 ιη
601 432 726 491 rano
750 411 1137 489 Loeoounnnsr.
1381 436 1454 515 ,ιη

41 594 56 609 ..
188 570 1456 611 ...Μ-Μῃ-

187 628 1454 661 Wm

41 759 54 807 r,
179 722 379 819 tingentia,
412 722 474 797 vel
496 715 672 817 quidquid
692 717 731 793 in
755 713 836 811 jam
856 714 952 789 dista
982 711 1073 788 villa
1100 713 1234 791 habere
1262 717 1357 793 visus
1380 718 1452 807 fui,
1527 718 1530 735 '

179 818 384 911 dumibus]
402 822 586 907 aedificiis,
620 818 871 904 molendinis,
906 814 1021 913 aquis
1043 837 1065 888 a
1091 839 1271 891 uarumve
1296 818 1452 895 decursr·

179 928 268 1013 bus,
295 925 431 1024 pratis,
457 922 619 1022 pascuis,'
649 920 803 1018 perviis,
831 932 929 993 terra
950 916 1051 992 culta
1133 918 1293 1007 inculta,
1326 921 1450 996 omnia

180 1030 228 1104 ad
249 1030 464 1123 integrum,
498 1047 583 1123 quae
611 1022 822 1120 eomparaui
850 1019 888 1095 dr
919 1020 1070 1094 aliunde
1101 1019 1315 1117 conquisivi,
1334 1042 1375 1095 a
1393 1020 1450 1108 dle

178 1129 346 1227 praesenti
359 1128 473 1203 trado
495 1126 543 1203 de
561 1123 643 1221 jure
666 1145 752 1197 meo
784 1137 894 1219 atque
916 1122 1135 1197 transfundo
1159 1123 1198 1197 in
1227 1119 1290 1217 jus
1321 1122 1359 1197 δι
1384 1122 1449 1195 do‘·

178 1232 421 1307 minationem
449 1228 556 1303 fausti
580 1226 627 1302 N.
658 1225 696 1299 in'
722 1224 789 1298 Dei
803 1223 952 1299 nomine
979 1220 1242 1322 perpeturliter
1270 1225 1318 1299 ad
1350 1224 1450 1321 poffi-

177 1334 340 1407 dendum
361 1330 592 1429 stipulatione
614 1327 776 1401 subnixa.
840 1323 978 1400 Attum
997 1328 1036 1401 in
1058 1324 1275 1401 monasterio
1297 1326 1450 1399 Lauros·

42 1423 45 1478 ²
176 1433 279 1521 hm,
307 1434 371 1508 sub
393 1434 452 1507 die
475 1430 513 1507 &
536 1446 703 1527 ternpore
723 1452 796 1524 quo
819 1426 936 1525 supra
1000 1428 1158 1523 Signum
1181 1426 1357 1515 Arnoldi,
1384 1426 1451 1523 qui

174 1533 274 1610 hauc
304 1535 540 1623 donationem
568 1531 685 1618 fecit,
717 1528 862 1625 signum
895 1528 1109 1619 Hertdrici,
1141 1530 1339 1619 ledonis,
1368 1531 1453 1605 Ge-
1617 1633 1618 1640 ἵ
1690 1578 1696 1589 ·

41 1699 48 1746 ζ
176 1634 341 1712 behardi.
395 1635 606 1711 Grimarius
629 1630 774 1729 scripsit.

701 1829 917 1940 DCCLX.

434 1962 614 2056 Duratio
637 1961 847 2052 Gurrzonis
870 1960 912 2046 in
937 1958 1197 2085 redemisse.

176 2142 278 2269 Ego
308 2130 440 2205 Gunzo
467 2129 648 2228 presbiter
679 2126 717 2205 &
746 2128 956 2224 Waningus
989 2128 1172 2205 donamus
1209 2129 1255 2204 ad
1286 2126 1447 2225 sensium

255 2230 389 2308 Christi
410 2246 614 2326 martyrem
629 2231 830 2305 Nazarium
845 2228 916 2305 dtu.
942 2220 1196 2326 diruamnrque
1217 2231 1255 2305 in
1277 2249 1447 2333 perpetu·

176 2357 243 2411 um
265 2332 333 2407 esse
356 2334 548 2418 volumus,
574 2333 675 2428 quod
696 2332 802 2407 nobis
823 2331 977 2407 tradidit
991 2332 1228 2428 Hiltdiburg,
1253 2348 1297 2408 ut
1325 2336 1453 2426 trade5

176 2457 301 2507 remus
324 2453 390 2531 pro
417 2430 546 2507 anima
569 2433 688 2520 illius,
714 2434 813 2529 quod
832 2430 871 2508 δι
887 2431 1063 2519 fecimus,
1089 2432 1160 2509 hoc
1175 2432 1244 2522 est,
1266 2432 1447 2533 quidquid

175 2533 252 2633 ipsa
272 2534 409 2607 habere
430 2532 505 2609 vim
526 2532 600 2609 fuit
630 2534 667 2606 in
689 2534 924 2628 Suezzingcn,
953 2532 1169 2609 hereditatis
1191 2535 1453 2625 medietatem,
1499 2557 1504 2563 ·

175 2636 216 2711 in
236 2634 305 2709 Dei
326 2634 474 2709 nomine
496 2634 756 2736 perpetualiter
771 2634 1015 2732 pollidendam
1031 2632 1445 2735 stipulatione-subnixa.
1483 2730 1487 2737 Ι
1528 2696 1530 2703 1

175 2736 314 2811 Auum
327 2734 367 2808 in
381 2734 595 2809 monasterio
616 2736 849 2821 Laurum,
872 2736 907 2815 V
933 2736 1113 2813 kalendas
1129 2736 1237 2824 Maii,
1262 2760 1358 2815 anno
1375 2761 1448 2836 quo
1481 2764 1536 2833 27.
1549 2749 1628 2835 Ape.

178 2832 296 2931 supra.
349 2834 508 2927 Signum
528 2836 718 2907 Gunzonis
740 2834 780 2909 &
802 2824 996 2933 Wauingi,
1021 2836 1089 2933 qui
1100 2836 1196 2913 hanc
1210 2838 1456 2933 donationem

177 2934 353 3011 fecerunt.
383 2930 590 3023 rudolto
610 2932 753 3029 scripsit.

702 3122 924 3222 DCCLXI

424 3240 604 3335 Duratio
633 3240 846 3336 Rechiom's
871 3195 1067 3331 mendam
1092 3242 1199 3335 uilla.

203 3426 279 3489 tem
301 3434 399 3488 annu
422 3434 495 3507 quo
515 3408 623 3509 supra
642 3408 876 3507 ¹egoRechio
899 3412 996 3486 dono
1020 3410 1067 3485 ad
1091 3410 1250 3487 santium
1265 3410 1332 3487 Dei
1348 3434 1447 3489 mar-

229 3525 348 3609 tyrem
373 3512 574 3589 Nazarium
593 3504 650 3607 jjjj
667 3508 808 3605 junni-
832 3512 878 3589 de
893 3526 992 3589 terra
1012 3512 1143 3589 arabili
1165 3513 1263 3588 adie
1279 3509 1447 3613 praesenti

177 3614 216 3690 in
231 3614 301 3689 Dei
313 3615 463 3690 nomine
477 3615 739 3718 perpetualiter
758 3612 1006 3714 poffidendos,
1028 3616 1100 3703 ita,
1117 3628 1171 3689 ut
1187 3614 1358 3715 deinceps
1379 3610 1459 3695 finr'

177 3711 242 3788 illo
271 3714 354 3788 loco
379 3716 481 3791 omni
503 3716 729 3833 temporem
759 3706 986 3813 augmenti),
1020 3709 1250 3815 stipulatione
1278 3716 1459 3798 subnixas

176 3812 313 3890 Atium
338 3816 377 3890 in
398 3812 614 3895 monasterio
634 3810 848 3900 Ludressrum
869 3812 922 3895 ΙΙΙ
943 3816 1126 3917 kalendas
1143 3817 1324 3917 Augusti.¹
1363 3820 1458 3919 Sig·¹
1482 3848 1535 3915 30.
1553 3826 1618 3906 Jul.

175 3938 278 3992 num.
295 3915 518 4009 Rerlrionis,
549 3920 626 4020 qui
655 3919 757 3995 hanc
785 3914 1041 3999 donationes«
1060 3920 1159 3997 iecit
1228 3920 1447 3999 *Donadens
1562 4014 1591 4029 ..

43 4017 45 4026 ’
174 4016 361 4121 scripsit·¹
455 4093 460 4133 s
660 4077 668 4085 ,
783 4054 787 4061 ·
1042 4136 1045 4143 ,
1256 4052 1260 4059 -
1438 4052 1442 4059 ·

237 4142 245 4163 ·
371 4152 459 4166 ··
659 4120 827 4219 Fffs3
1180 4116 1394 4203 DCCLXIl.
