4000 5417
168 689 174 700 “
204 678 343 780 studiis
364 703 388 760 a
405 685 539 790 puero
564 672 791 777 educatus,
820 673 865 761 tr
883 671 1185 760 antecessorum
1203 668 1397 787 exempla
1415 671 1471 758 sa·

133 855 137 860 .
205 787 277 874 ciie
307 813 559 898 exequens,
584 785 843 899 posterorum
880 787 1017 872 sorma
1036 783 1331 917 speculumque
1358 783 1470 870 futu·

203 931 286 988 rus·
339 899 436 1008 Qui
451 899 605 1012 adepto
628 895 842 1013 dignitatis
865 898 1017 1013 gradu,
1044 923 1156 985 mter
1172 921 1326 984 caetera
1342 899 1468 1011 pieta·

203 1017 258 1101 tis
276 1040 405 1127 opera
423 1007 742 1112 misericordiae,
771 1013 1138 1126 compassionisque
1164 1007 1389 1100 visceribus
1407 1034 1467 1096 to-

202 1148 273 1212 tus
292 1121 513 1224 affluebat,
545 1122 670 1225 adeo,
699 1145 748 1209 ut
763 1126 873 1212 inter
900 1126 1044 1211 beatos
1059 1152 1266 1240 pauperes
1291 1151 1469 1243 regnum

204 1234 410 1324 coelorum
446 1235 680 1352 poffidenS,
703 1237 858 1346 justitia
883 1238 970 1347 ejus
1004 1261 1171 1324 maneat
1199 1239 1242 1322 in
1267 1233 1466 1327 saeculum

204 1347 370 1452 saeculh
400 1346 705 1436 &elemosinas
734 1350 824 1458 ejus
850 1373 1022 1436 enarret·
1045 1353 1182 1436 omnis
1197 1346 1362 1434 ecclesia
1382 1345 1468 1434 san·

61 1549 64 1554 .
205 1461 379 1551 dorum.
437 1461 508 1550 Ad
524 1458 604 1544 hoc
623 1463 749 1546 etiam
778 1459 923 1577 tempsi
939 1462 1088 1548 faciem
1111 1466 1278 1548 coronis
1299 1461 1467 1548 decora·

206 1578 269 1664 vit
286 1635 296 1678 ,
324 1574 500 1660 chorum
517 1570 644 1658 altius
669 1573 925 1662 exihusium
953 1571 1124 1689 desuper
1141 1576 1317 1660 arcubus
1334 1575 1465 1659 fabre·

204 1686 323 1774 sasiis
341 1687 656 1800 augmentavit,
685 1684 816 1771 altare
833 1686 887 1770 ad
912 1713 1080 1770 crucem
1093 1715 1198 1782 auro
1214 1708 1468 1798 argentoque

205 1802 375 1901 cinxit,
402 1793 566 1912 insuper
591 1793 833 1884 thesaurum
861 1793 1039 1882 ecciesiae
1058 1799 1099 1880 in
1126 1793 1313 1911 pluribus
1331 1792 1472 1907 ampli·

207 1913 312 1996 avit.
368 1909 665 1997 Monasterium
701 1914 744 1995 in
773 1907 1052 2018 Abrinsberg,
1078 1911 1120 1992 in
1151 1906 1316 2020 *honore
1349 1903 1475 1992 sandi
1566 1966 1569 1972 ·

192 2017 426 2110 ‘Michaelis
454 2019 685 2136 archangeli
716 2052 742 2107 a
767 2021 1051 2107 fundamentis
1069 2023 1321 2135 incoeptum,
1350 2017 1476 2104 aediii·

204 2136 346 2234 cavit,
375 2133 419 2218 dt
437 2133 671 2220 monasticis
696 2135 977 2219 mansionibus
1005 2160 1187 2245 congrue
1206 2134 1476 2245 circumapta·
1593 2155 1596 2162 ·

201 2248 291 2346 tis,
320 2245 519 2330 fratribus
535 2245 688 2329 ibidem
716 2247 816 2333 Deo
834 2242 1110 2330 militantibus
1134 2241 1352 2329 necessaria
1377 2237 1476 2326 affa-

203 2360 282 2443 tim
302 2355 561 2470 procuravit,
590 2353 805 2471 ipsamque
832 2353 1044 2444 eccsesiam
1068 2358 1261 2441 crucibus
1286 2354 1331 2441 dt
1358 2355 1476 2440 tabu·

201 2466 254 2554 lis
283 2467 517 2556 sabresatiis
535 2467 616 2553 aiio
633 2498 764 2582 quam
793 2465 974 2582 plurimo
994 2491 1144 2554 ornatu
1170 2466 1389 2580 magnifice
1406 2495 1475 2554 ve·

198 2580 391 2669 nustavit.
449 2581 594 2668 Postea
613 2583 757 2669 divina
796 2577 1053 2696 dispensante
1082 2583 1246 2693 gratia,
1274 2585 1371 2690 qu‘ae
1388 2577 1475 2692 glo·

198 2693 409 2779 risicantes
426 2687 467 2776 se
485 2693 685 2806 glorificat
703 2757 715 2796 ,
746 2694 803 2778 ob
830 2693 1028 2808 insignem
1045 2689 1172 2778 famae
1208 2695 1475 2779 meritorum·

199 2831 289 2916 que
312 2806 646 2998 (pinepeurrppsativam
674 2834 700 2887 a
729 2803 925 2890 Cunrado
955 2831 1055 2921 rege
1082 2800 1289 2905 secundo,
1318 2805 1370 2888 de
1388 2831 1475 2917 quo

198 2912 297 3029 post
493 2937 638 3013 umus,
654 2915 699 2994 in
716 2913 954 2999 cathedram
970 2915 1170 3029 Spirensis
1186 2914 1364 3002 ecclestae
1411 2945 1476 3002 ro·
1547 3000 1551 3006 .

197 3023 352 3114 vetius
370 3023 453 3126 est,
483 3022 633 3136 dignus
649 3021 769 3220 ,sunlssi
785 3019 1014 3116 sacerdotio
1036 3027 1230 3131 Domini,
1257 3026 1301 3115 dt
1322 3027 1374 3112 ha
1428 3057 1475 3114 re

199 3135 371 3224 laudem
399 3139 442 3220 in
478 3137 650 3220 nomine
675 3137 717 3248 ip
733 3165 809 3223 tus.
860 3135 1062 3229 Praesedit
1088 3138 1475 3232 Laureshammensi

198 3247 455 3338 monasterio
471 3248 605 3334 annis
636 3307 646 3334 .
677 3309 691 3333 .

318 3464 524 3554 Heinrico
548 3463 660 3552 divae
697 3467 914 3552 memoriae
943 3471 1192 3586 immtatore
1216 3467 1397 3557 secundo
1423 3469 1476 3554 de

197 3579 348 3666 medio
364 3577 499 3681 sasso,
529 3575 745 3663 deficiente
764 3580 880 3691 regia
897 3578 1043 3694 prose,
1072 3609 1170 3694 quae
1195 3609 1323 3694 regno
1340 3577 1490 3674 succe,

194 3693 355 3792 deret,
384 3715 477 3776 orta
493 3690 550 3776 est
574 3693 684 3776 inter
708 3693 923 3822 principes
935 3721 1020 3777 non
1046 3693 1212 3803 modica
1236 3695 1473 3796 contentio,

196 3832 291 3916 qua
316 3802 516 3888 divinitus
543 3797 749 3890 sedatam
788 3803 1032 3892 Cunradum
1054 3833 1228 3922 regem,
1290 3833 1389 3890 uem
1415 3805 1474 3890 di·

198 3937 305 4004 cunt
331 3912 384 4002 de
411 3913 719 4031 Weibelingen,
748 3921 947 4006 convenit
972 3922 1089 4034 regni
1125 3831 1367 4008 turivedatis
1393 3914 1473 4003 ese·

1278 4029 1417 4138 siin,
