4000 5417
534 477 593 534 ru
619 424 746 533 rado
769 455 1150 537 Lononunnntr.
1255 568 1260 575 Ι
1379 464 1453 558 ⁶⁰⁹

43 656 49 667 Ι
178 620 1455 649 *wm-

181 671 563 697 ‘unua-*-
1100 672 1454 705 *a*

191 814 198 823 ·
344 898 351 907 Ι
570 759 1005 911 'DCCLXXXIX

165 1012 171 1023 ,
256 914 437 1031 Duratio
472 912 724 1048 Tdeuthardi
751 915 803 1013 δ’
833 912 1084 1027 Ricigardis
1107 912 1150 1000 in
1179 910 1379 1007 Rorbaci.

180 1084 316 1225 Anno
330 1084 403 1161 XV
428 1082 532 1177 regni
555 1082 696 1156 domini
711 1081 820 1158 nostri
846 1082 991 1181 Pippini
1005 1082 1127 1178 regis,
1153 1104 1221 1157 nos
1246 1078 1453 1157 Theuthar-

269 1184 392 1261 dus&
418 1184 642 1279 Richgardis
666 1186 803 1283 pariter
815 1185 1017 1259 donatores*
1037 1208 1102 1281 pro
1127 1184 1196 1259 Dei
1212 1184 1364 1269 intuitu,
1391 1181 1452 1256 vel

179 1311 247 1389 pro
263 1287 399 1364 animae
413 1309 506 1362 meae
521 1285 684 1374 remedio
697 1287 758 1361 seu
772 1310 838 1385 pro
852 1302 990 1376 aetema
1005 1286 1242 1362 retributione
1268 1285 1452 1360 donamus

181 1390 231 1465 ad
258 1389 418 1465 fandum
452 1387 656 1463 Nazarium
689 1405 893 1484 martyrem
916 1388 989 1465 dcc.
1017 1410 1096 1463 rem
1107 1387 1271 1479 nostram
1297 1388 1337 1461 in
1350 1429 1354 1439 .
1357 1410 1453 1489 pugo
1601 1445 1609 1451 .

180 1490 404 1593 Lebedonrnfi
429 1490 578 1565 vineam
589 1487 604 1586 j
630 1490 673 1566 in·
697 1488 881 1566 Rohrbach
893 1542 906 1579 ,
937 1490 1051 1566 aliam
1075 1491 1113 1564 in
1138 1488 1367 1565 Nuzlohona
1392 1488 1452 1561 die
1764 1480 1770 1493 ’

119 1620 127 1626 ·
180 1590 358 1691 presenti·
372 1594 418 1667 de
437 1590 521 1685 jure
534 1588 654 1665 nostro
675 1592 715 1665 in
735 1588 799 1686 jus
814 1590 1153 1670 &dominationem
1168 1590 1275 1667 siniti
1303 1587 1452 1667 Nazarii

180 1692 365 1767 tradimus
373 1690 442 1767 &o
481 1690 625 1767 Attum
638 1692 677 1769 in
693 1693 773 1766 loco
789 1695 952 1792 publico,
969 1695 1034 1790 qui
1050 1706 1204 1769 vocatur
1227 1690 1454 1777 Laminium,

181 1792 216 1869 II
239 1793 415 1868 kalendas
442 1792 617 1893 Januarii.
671 1793 828 1892 Signum
865 1795 1093 1872 Theuthardi
1143 1792 1181 1869 δι
1216 1792 1457 1887 Richgardae,
1488 1811 1541 1877 31.
1557 1791 1666 1861 Dee«

183 1895 246 1992 qui
267 1894 364 1968 hanc
390 1895 629 1972 donationem
661 1896 850 1987 fecerunt,
884 1897 1029 2003 fignum
1061 1896 1267 1984 Rutlandi,
1292 1892 1457 1982 Heruli,

182 1994 368 2073 Autberti.
422 1996 628 2094 Wiglarius
645 1997 791 2098 scripit

726 2201 943 2326 DCCXC.

626 2326 807 2419 Duratio
828 2327 1011 2421 Wslai.

181 2504 232 2632 ln
248 2491 379 2568 Christi
395 2493 544 2567 nomine
558 2514 628 2588 ego
655 2489 885 2570 Adalbertus
899 2516 967 2591 pro
979 2490 1105 2570 anima
1130 2492 1265 2572 Wislai
1286 2492 1382 2567 dono
1408 2493 1456 2568 ad

234 2594 395 2669 santium
412 2592 613 2669 Nazarium
635 2612 841 2691 martyrem
856 2594 927 2671 &o
955 2596 994 2669 in
1020 2594 1179 2669 Rortuch
1190 2592 1205 2690 j
1227 2594 1376 2670 vineam
1398 2593 1458 2669 sti-

180 2694 369 2793 pulatione
399 2692 567 2770 subnixa.
645 2693 783 2771 Attum
812 2697 851 2771 in
877 2694 1096 2772 monasterio
1121 2696 1336 2772 muruham
1368 2720 1454 2771 non.

180 2789 366 2870 Novemb.
388 2816 485 2867 anno
502 2795 571 2870 Vll
596 2796 700 2887 regni
723 2798 863 2870 donnini
888 2798 999 2871 nostri
1025 2798 1154 2871 Karoli
1177 2797 1320 2893 gloriosi
1345 2798 1454 2895 regis.
1493 2820 1524 2888 5.
1545 2800 1626 2871 Nor.

181 2893 340 2991 Signum
353 2891 566 2980 Adererti,
593 2894 656 2990 qui
668 2894 766 2969 hanc
787 2896 1026 2971 donationem
1052 2896 1152 2972 fecit.

510 3198 518 3209 Ἴ
634 3114 638 3123 ’
707 3091 942 3182 DCCXCI.

489 3285 499 3305 .
573 3219 756 3316 Duratio
783 3220 1067 3334 Megingozzi.
1178 3227 1180 3231 ’

182 3402 284 3531 Ego
296 3390 493 3489 Megingoz
506 3386 603 3466 dono
618 3390 667 3464 ad
680 3389 843 3464 santium
870 3387 1002 3464 Christi
1023 3399 1229 3485 martyrem
1250 3368 1451 3465 Nazarium

261 3494 331 3572 &a
348 3495 386 3569 in
411 3489 588 3590 Malscure
601 3514 720 3566 murra
732 3489 913 3588 quidquid
931 3489 1067 3565 ibidem
1082 3491 1217 3565 habere
1232 3490 1383 3577 videor,
1408 3489 1449 3566 dr
1554 3528 1556 3533 ·

184 3596 283 3693 quod
302 3596 447 3691 genitor
467 3616 573 3669 meus
605 3593 789 3669 Geroldus
814 3591 1193 3690 moriensdereiiquit
1218 3591 1335 3678 mihi,
1368 3607 1447 3666 tam

182 3697 309 3783 terris,
326 3696 483 3809 campis,
509 3696 640 3794 pratis,
654 3694 813 3795 pascuis,
885 3694 991 3782 rviis‚
1008 3692 1131 3781 sdvis,
1159 3694 1340 3781 domibus,
1349 3693 1446 3769 aedi·
1507 3758 1514 3791 Ἴ.

120 3894 123 3898 f
183 3799 303 3885 ficiis,
329 3794 367 3871 dr
383 3793 426 3890 jJJ
452 3798 662 3895 mancipia,
688 3797 825 3873 Bilitru
850 3820 873 3871 a
896 3819 984 3872 cum
1005 3796 1206 3873 infantibus
1229 3796 1326 3882 suis,
1352 3793 1445 3872 &in

150 3964 156 3974 .
182 3895 342 3978 Rorbach
354 3896 482 3973 vineas
495 3900 534 3978 in
547 3898 691 3977 duobus
705 3899 814 3985 iocis,
840 3899 889 3976 ad
901 3900 1086 3995 integrum
1106 3900 1203 3976 adie
1216 3897 1380 3999 praesenti
1398 3896 1445 3972 de

178 3998 261 4099 jure
273 4018 359 4082 meo
370 3995 484 4097 injus
505 3997 773 4084 &dominium
786 4000 899 4184 {fidi
916 4000 1087 4185 {otredo
1100 4016 1210 4105 atque
1228 4000 1445 4092 transfundo

882 4104 910 4183 h
1356 4103 1395 4183 iu
