4000 5417
484 418 591 497 sne.
624 414 697 494 XII
724 405 968 493 Guuutuo
994 415 1047 493 III
1072 435 1223 492 azau.
1425 443 1498 518 255

1140 635 1497 658 m

333 723 487 823 Sentit,
517 745 646 832 quam
663 715 747 802 alta
767 712 934 834 sedeant
955 717 1165 830 plusquam
1183 715 1314 803 ciuilis
1332 720 1496 806 vulnera

220 838 420 934 dextruat
446 835 491 922 dt
509 834 552 916 in
579 831 644 914 his
672 831 866 916 omnibus
891 829 1079 916 nondum
1107 826 1275 918 aversus
1294 831 1352 917 est
1375 833 1494 918 furor

220 951 429 1050 Domini,
457 942 527 1031 sed
555 940 691 1028 adhuc
728 969 878 1028 manus
900 945 994 1054 ejus
1023 963 1209 1033 extenta.
1266 945 1492 1032 Terreatur

220 1091 322 1176 ergo
351 1043 549 1173 exemdlo
569 1056 688 1165 ejnn,
718 1058 784 1141 oui
830 1054 1006 1170 ropheta
1022 1055 1122 1143 teste
1140 1053 1382 1144 insultatum
1410 1059 1487 1146 est:
1588 1159 1599 1174 Ι

219 1174 278 1266 Et
294 1187 338 1258 tu
355 1173 584 1256 vulneratus
603 1195 662 1268 es,
679 1165 777 1274 ficut
797 1081 948 1270 diuos,
975 1166 1244 1278 nostriſsmr'lis
1260 1163 1418 1284 effcffus
1432 1200 1485 1275 es,

220 1285 266 1373 δι
281 1283 453 1397 reliqua,
504 1283 729 1368 Terreatur
754 1278 950 1395 exemplo
976 1279 1184 1386 aliorum,
1211 1287 1366 1370 terreat
1381 1281 1488 1371 alios

219 1395 319 1501 suo,
342 1399 591 1507 noveritque
620 1389 837 1507 profeti0‚
866 1394 964 1505 quia
989 1395 1134 1480 reddet
1161 1395 1373 1483 Dominus
1393 1394 1488 1485 ulti-

220 1537 345 1597 onem
361 1509 542 1597 hostibus
558 1501 641 1594 suis
658 1505 703 1593 dt
718 1507 927 1622 propitius
944 1509 1025 1594 erit
1042 1529 1177 1605 terrae
1196 1508 1339 1626 populi
1356 1504 1430 1599 sui.

330 1721 542 1826 Defunfio
567 1723 694 1835 igitur
721 1719 759 1808 F
759 1716 963 1804 olcuando
996 1720 1268 1810 Hildebertus
1305 1755 1363 1812 ex
1387 1727 1424 1814 F
1423 1724 1485 1814 ul·

219 1836 329 1922 denfi
348 1835 616 1935 monasterio,
646 1854 739 1920 tum
754 1827 906 1919 sandiae
930 1832 1081 1920 Mariae
1097 1836 1271 1946 virginis
1289 1838 1332 1919 in
1358 1835 1488 1924 Mich-

217 1947 356 2057 lenstat
380 1947 653 2064 proepofittts,
679 1947 817 2061 primo
842 1943 1014 2058 quidem
1039 1940 1112 2031 sub
1138 1947 1388 2048 intentione,
1416 1945 1486 2035 sed

247 2059 356 2144 ostea
374 2059 556 2146 redudiis
572 2061 614 2142 in
631 2057 899 2145 concordiam
916 2059 1129 2170 partibus,
1158 2060 1285 2145 abbas
1303 2056 1483 2172 eligitur,

216 2085 334 2258 drab
363 2171 564 2258 Heinrioo
589 2199 717 2283 rege,
746 2196 875 2284 quem
931 2173 1022 2256 ater
1047 2166 1372 2256 Hierosolimam
1397 2194 1485 2259 ten·

215 2280 319 2366 dens
337 2285 379 2366 in
408 2309 584 2396 regnum
603 2305 815 2384 unxerat,
843 2287 911 2367 vei
932 2284 1048 2382 Ἕως,
1075 2282 1255 2370 necdum
1277 2280 1484 2371 consecra·

213 2391 284 2478 tus'
304 2388 427 2480 sexto
454 2389 593 2478 mense
618 2397 830 2496 moritur,
858 2393 903 2480 dt
922 2393 975 2480 ad
1000 2396 1220 2481 introitum
1236 2394 1413 2484 ecclefiae
1441 2401 1485 2486 in

212 2501 342 2591 latere
363 2505 593 2591 meridiano
611 2503 858 2593 tumulatur.
915 2505 1039 2594 Cuie
1065 2507 1237 2621 vestigio
1265 2510 1361 2596 Mar
1390 2538 1485 2595 uar-

212 2615 292 2706 dus
306 2619 551 2734 praepositus
577 2615 704 2708 saneti
743 2619 861 2706 Petri
884 2620 928 2704 iu
964 2617 1256 2729 Aldcnmunster
1291 2617 1365 2708 sub
1401 2625 1481 2708 'tu-

212 2749 313 2833 ωε,
340 2729 386 2817 or
412 2732 463 2815 ab
484 2731 633 2830 eodem
660 2759 760 2844 rege
788 2729 1034 2834 investitur,
1061 2733 1284 2819 undecimo
1299 2734 1388 2850 post
1403 2733 1485 2826 ele·

213 2839 395 2925 ctionem
413 2837 551 2922 mense
580 2864 774 2927 mortuus
791 2843 869 2946 est,
899 2845 944 2930 dt
962 2848 1070 2932 inter
1087 2846 1195 2933 duos
1210 2847 1483 2935 antecessores

212 2945 310 3034 suos
329 2945 517 3030 medium
531 2943 753 3058 sepulturae
771 2950 911 3036 locum
926 2951 1115 3050 sortitus.
1164 2957 1250 3043 Hic
1273 2987 1396 3044 omne
1410 2962 1482 3071 jus

214 3089 264 3146 ac
279 3055 497 3147 servitium
514 3119 534 3159 ‚-
554 3058 668 3172 quod
690 3087 749 3146 ex
766 3061 927 3150 duabus
955 3063 1140 3158 hubis&
1158 3099 1278 3174 area,
1305 3074 1356 3158 ab
1373 3100 1481 3188 prae·

212 3171 302 3260 fato
324 3167 554 3260 Adelberto
581 3173 624 3254 in
655 3169 905 3286 Wiueaheim
921 3183 1179 3294 conquisitis,
1207 3187 1280 3272 exi
1308 3187 1470 3290 ebatur,
1562 3280 1566 3287 ,

211 3283 460 3401 dispositioni
484 3282 529 3370 dt
557 3277 647 3369 usui
673 3284 850 3374 fratrum
887 3290 1099 3382 adtribuit.
1156 3295 1259 3407 Quo
1280 3211 1479 3384 demntia

210 3395 373 3484 rursum
401 3394 809 3486 Laureshammenfis
827 3404 1007 3490 abbatiae
1030 3413 1269 3521 procuratio
1286 3409 1339 3494 ad
1362 3439 1406 3494 re
1436 3439 1479 3494 a·

157 3615 160 3626 Ι
209 3505 293 3593 lem
312 3537 484 3596 manum
502 3505 755 3598 devolvitur.
805 3511 930 3602 Unde
949 3515 1131 3632 fereper
1154 3524 1381 3606 triennium
1413 3549 1479 3605 ra·

185 3637 296 3706 ‘tres
314 3621 367 3707 ad
396 3643 634 3708 extremam
653 3619 808 3708 redadii
823 3626 1038 3736 inopiam,
1065 3651 1160 3715 tum
1184 3660 1244 3716 ex
1271 3644 1478 3718 annorum

207 3729 368 3815 diutina
384 3729 593 3819 sterilitate
612 3795 624 3836 ‚
650 3755 745 3821 tum
763 3764 821 3822 ex
839 3761 1181 3850 procuratorum,
1198 3737 1270 3826 sua
1287 3767 1479 3852 quaeren·
1538 3831 1543 3838 .

207 3846 337 3944 tium,
366 3841 570 3957 ingluvie,
586 3844 873 3936 clamavertmt
891 3849 1062 3937 tandem
1081 3853 1135 3945 ad
1160 3853 1410 3961 Dominum,
1428 3856 1479 3949 δι

68 3976 73 3986 ·
206 3953 260 4041 de
275 3956 578 4048 neceffitatibus
594 3987 742 4052 eorum
759 3959 952 4053 liberavit
968 3991 1103 4066 eos„
1344 4079 1420 4178 Ex
1530 4069 1537 4078 ,
