4000 5417
458 399 567 479 Suc.
596 395 654 476 XI„
676 395 949 476 Harumco
973 399 1028 482 lv
1052 375 1220 478 arcon.x
1409 425 1477 496 181

209 559 949 595 W*-

207 711 342 796 oentia
360 703 645 792 contraditum
663 700 740 788 else
755 699 1006 820 propalavit.
1063 703 1166 813 Quo
1184 705 1329 792 audito
1339 708 1481 813 abbas,
1525 729 1531 740 ’

207 820 336 908 homo
363 818 503 904 librati
522 814 693 918 consilii,
722 813 839 1014 spem
853 814 976 905 vultu
1001 816 1195 925 sunulans
1222 823 1374 934 premit
1392 818 1479 910 alto
1562 871 1567 878 ·

205 936 334 1020 corde
353 929 555 1018 dolorem.
612 929 725 1018 Inter
770 959 877 1018 aeca
900 959 997 1046 rege
1031 930 1235 1020 Basileam
1254 955 1476 1039 evocatus,

207 1047 447 1174 frequenti,
471 1065 525 1138 ¹ut
557 1041 761 1144 decebat,
791 1047 994 1130 comitatu
1023 1043 1076 1135 ‚dr
1100 1043 1245 1133 curiali
1272 1070 1475 1178 apparatu

234 1157 418 1245 roledius
437 1157 494 1242 est
511 1187 523 1255 5
547 1158 620 1248 ubi
637 1153 757 1240 miles
775 1156 967 1270 quidam,
985 1160 1028 1242 in
1044 1158 1128 1275 ipsa
1144 1161 1329 1246 civitatis
1338 1183 1475 1275 porta,
1556 1188 1560 1197 ’

203 1187 256 1356 de
274 1271 458 1358 adventu
481 1271 737 1355 intrantium·
757 1271 955 1356 curiosius
974 1274 1231 1386 exquirens,
1259 1271 1351 1358 baec
1368 1334 1381 1375 ,
1401 1276 1475 1378 uit,

205 1385 346 1468 omnia
360 1381 463 1495 jussu
493 1385 604 1497 regis
633 1379 861 1469 Adelberto
879 1377 1069 1500 episcopo
1087 1386 1260 1487 tradita,
1277 1387 1319 1472 in
1335 1386 1472 1476 Saxo

203 1499 317 1581 niam
336 1493 621 1584 transferenda
638 1490 743 1588 sunt.
798 1493 900 1606 Quo
916 1523 1085 1582 rumore
1102 1527 1175 1630 per
1191 1529 1266 1584 ora
1281 1505 1471 1590 omnium

205 1607 441 1712 volitante,
470 1605 633 1694 difficile
649 1601 784 1695 visum
798 1609 857 1694 est
881 1609 1032 1722 regi&
1059 1606 1248 1725 episcopo
1267 1633 1358 1698 tum
1385 1643 1470 1702 coe·

202 1745 278 1849 pta
297 1719 508 1836 persequi,
537 1715 806 1836 praesertim,
829 1749 927 1806 cum
943 1725 1103 1823 nuncii,
1130 1723 1184 1806 ad
1208 1724 1471 1836 apostolicam

202 1835 346 1919 sedem
362 1833 482 1950 super
492 1833 571 1918 hoc
587 1831 754 1935 direlli,
770 1829 924 1920 infecto
939 1836 1109 1946 negotio
1126 1831 1334 1920 redierint.
1358 1836 1472 1922 Nam

203 1945 488 2032 dissidentibus
521 1949 630 2033 inter
653 1942 695 2032 se
724 1946 775 2030 de
804 1942 1037 2061 apostolatu
1062 1969 1163 2032 tunc
1190 1947 1321 2032 etiam
1350 1951 1472 2036 novis

201 2059 395 2171 partibus
410 2055 534 2144 nichil
550 2085 812 2174 promovere
827 2079 1037 2174 poterant.
1087 2058 1154 2146 Ea
1169 2053 1239 2189 spe
1255 2057 1472 2150 frustratus

198 2167 367 2255 rursum
385 2166 518 2284 episco
548 2201 599 2256 us
616 2173 811 2258 abbatem
831 2167 911 2255 alia
931 2173 1003 2257 via
1028 2171 1290 2284 aggreditur,
1308 2168 1472 2285 persua·

196 2275 242 2366 so
259 2309 358 2394 rege
385 2309 498 2397 expo
516 2285 554 2366 ci
583 2281 682 2368 secit
713 2284 865 2368 abbate
893 2281 1107 2394 quoddam
1124 2282 1370 2370 beneficium
1408 2313 1469 2372 re·

224 2397 268 2479 io
288 2389 436 2496 militi,
466 2423 524 2480 ex
542 2421 629 2508 quo
649 2393 828 2484 fratrum
856 2393 1038 2510 plurima
1053 2394 1261 2510 pendebat
1287 2393 1467 2502 utilitas,

194 2419 364 2621 sperans
381 2509 606 2610 abbatem,
636 2507 796 2620 fijuffis
824 2535 990 2593 morem
1015 2536 1100 2593 non
1129 2529 1322 2623 gereret,
1352 2539 1468 2626 rega·

192 2615 282 2704 lem
299 2616 495 2706 offensam
515 2617 786 2709 incursurum.
842 2622 990 2708 Abbas
1015 2649 1141 2724 vem,
1169 2619 1240 2706 diu
1266 2619 1466 2709 multum·

193 2751 282 2844 que
303 2728 479 2833 renisus,
497 2755 545 2817 ut
560 2729 737 2866 episcopi
752 2731 926 2848 laqueos
943 2733 1164 2838 evaderet,
1180 2734 1349 2820 tandem
1368 2734 1468 2823 fecit
1558 2777 1564 2787 ·

86 2920 89 2928 ,
187 2845 421 2956 imperata,
439 2869 532 2922 acce
561 2865 605 2926 ta
621 2873 730 2956 regis
746 2845 839 2944 side,
860 2875 1074 2958 nunquam
1101 2843 1142 2932 se
1159 2845 1229 2936 vel
1254 2846 1465 2934 ecclesiani

189 2951 320 3042 suam
347 2948 464 3038 simili
477 2869 559 3039 vel
559 2980 696 3067 praece
721 2953 789 3041 vel
806 2952 1016 3072 praecepto
1035 2960 1261 3047 decaetero
1317 2963 1466 3049 ravari.

189 3063 299 3155 Post
320 3063 410 3151 haec
428 3063 646 3182 episcopus
664 3093 759 3152 cum
775 3096 871 3182 rege
900 3067 1133 3160 Saxoniam
1150 2988 1338 3160 revertis
1356 3137 1368 3178 ,
1398 3077 1466 3160 ab·

192 3175 330 3296 sentip
348 3181 583 3295 principum
599 3180 761 3298 copiam
785 3179 950 3285 naibrs,
978 3188 1071 3271 voti
1088 3215 1262 3303 compos
1278 3185 1467 3287 efficitur,

142 3311 159 3382 .’
187 3289 610 3390 Lauresbammensrs
640 3289 803 3380 ecclesia
821 3321 895 3488 per
913 3293 1046 3387 solum
1062 3295 1137 3382 soli
1165 3299 1367 3401 traditur,
1398 3300 1468 3382 ab·

190 3407 270 3494 bas
301 3404 455 3491 iterato
481 3396 534 3488 ad
562 3430 706 3518 regem
736 3402 827 3491 Gos
842 3410 940 3492 ariae
976 3431 1204 3511 evocatur,
1241 3410 1367 3522 idque
1392 3436 1469 3524 per

188 3509 585 3630 Babenbergensem
604 3545 636 3602 ,e
666 3511 749 3602 isco
780 3543 885 3618 um,
912 3517 1029 3606 velut
1043 3517 1116 3608 sub
1143 3523 1381 3632 testimonio
1407 3551 1468 3607 ar·

187 3635 282 3718 tius
305 3629 590 3717 demandatur.
621 3544 706 3746 §ed
725 3543 855 3716 albas
873 3653 979 3716 nutu
999 3633 1083 3720 Dei
1091 3632 1220 3748 'gravi
1238 3653 1330 3719 tum
1359 3631 1466 3721 vale-

185 3743 344 3850 tudine
362 3745 546 3857 corporis
565 3743 850 3846 decumbens,
875 3740 1126 3860 responsales
1141 3775 1220 3861 pro
1238 3742 1280 3830 se
1296 3749 1384 3862 regi
1409 3747 1467 3836 di·

39 3949 40 3952 ,
186 3860 323 3966 rexit,
343 3857 420 3942 vix
450 3885 502 3970 ue
515 3884 746 3974 paucorum
765 3857 928 3943 dierum
945 3859 1132 3947 inducias
1143 3862 1336 3974 obtinuin
1353 3889 1466 3948 cum·

188 3999 276 4098 que
296 3969 366 4058 die
383 3883 539 4094 indisso
556 3967 688 4058 adhuc
702 3969 942 4172 infrrpritate
971 3972 1181 4108 depressus
1198 3971 1463 4178 legppunpflerr·

856 4115 880 4201 3
1238 4118 1262 4174 c
1307 4120 1360 4178 an
