4000 5417
480 399 559 461 ‘220
852 370 1127 452 Canum-ne
1152 372 1421 466 Cunnum„
1528 442 1533 452 .

1582 595 1761 614 -ι--ι-

487 679 616 759 tissime
632 677 797 765 aisenfit,
823 677 862 756 dt
884 678 938 755 eis
952 678 1000 756 ad
1022 677 1316 778 supplementum
1341 643 1572 768 Manlium,
1598 679 1761 773 Bausta,

342 850 347 858 .
486 781 667 884 Roffebuci
682 802 769 858 cum
790 781 893 858 omni
913 778 996 878 jure
1010 780 1189 857 conceffit.
1241 778 1325 856 Post
1345 777 1452 875 cujus
1476 781 1645 870 obitum,
1671 807 1760 860 cum
1812 827 1825 834 -

487 879 695 962 succeffiffet
718 883 889 959 dominus
914 881 1165 971 Adalbertus,
1191 883 1350 981 geminae
1375 882 1541 958 caritatis
1566 884 1761 964 dulcedine

489 987 667 1076 refertus,
694 983 898 1060 defiderans
913 986 1100 1062 novellam
1114 985 1382 1083 plantationem
1399 984 1599 1062 radicando
1624 1009 1759 1063 conva·
1851 1039 1855 1046 .

490 1088 648 1176 lescen,
675 1102 785 1163 antea
806 1085 974 1162 concessis
1000 1087 1082 1164 haec
1097 1087 1238 1163 censuit
1259 1087 1358 1184 quasi
1384 1086 1569 1182 irrigando
1582 1085 1757 1184 adjicere,

430 1231 435 1242 »
492 1190 631 1280 scilicet
645 1190 795 1265 salicam
810 1201 946 1266 terram
966 1211 1052 1264 cum
1067 1189 1210 1288 pratis,
1235 1187 1274 1266 dt
1294 1189 1430 1278 hortu,
1455 1188 1494 1264 dc
1515 1189 1669 1266 familiae
1689 1190 1758 1266 ser·

490 1293 594 1370 vitio.
648 1290 718 1367 Cui
738 1291 911 1366 dominus
936 1291 1165 1371 Winitherus
1187 1291 1227 1366 in
1247 1291 1424 1388 regimine
1447 1289 1693 1388 subrogatus·‚'
1718 1292 1758 1371 dc

481 1395 565 1495 'ipse
580 1395 619 1470 in
633 1393 800 1488 augendo
827 1389 959 1469 Christi
971 1391 1115 1469 servitio
1128 1392 1311 1482 devotus,
1336 1391 1498 1475 conceda
1518 1393 1691 1481 adauxit,
1716 1393 1756 1470 &

489 1497 574 1574 haec
589 1493 755 1586 addidit,
774 1493 909 1570 sedicet
932 1491 1011 1592 xjjjj
1022 1491 1188 1594 jurnales
1209 1496 1248 1572 in
1276 1494 1515 1583 Winmhcim,
1539 1517 1628 1570 cum
1652 1486 1754 1572 bmni
1807 1520 1809 1523 ·

487 1596 569 1694 jure
591 1597 630 1674 dt
656 1595 952 1684 Ameslubrunno‚
977 1595 1202 1673 &decimas
1227 1599 1264 1671 in
1297 1596 1488 1686 Cantium,
1518 1595 1615 1671 cella
1639 1597 1753 1670 Stein-
1892 1655 1896 1660 .

439 1697 453 1706 ”
491 1698 618 1787 bache,
670 1696 709 1773 δι
742 1698 1004 1787 servientium,
1044 1699 1108 1795 qui
1133 1699 1275 1775 suntin
1310 1699 1526 1788 Siochheim,
1550 1695 1753 1774 &hubam

489 1822 604 1876 unam
630 1798 670 1874 in
694 1797 902 1888 stainbach,
928 1798 966 1875 dt
994 1801 1177 1896 integram
1193 1799 1232 1878 dt
1253 1799 1448 1876 dimidiam
1465 1799 1505 1876 in
1528 1793 1690 1979 Bffflut,
1714 1799 1753 1876 dt

489 1913 634 2001 partem
644 1900 758 1975 saltus
773 1901 812 1973 in
827 1901 962 2000 palude
972 1899 1085 1999 juxta
1098 1903 1317 2008 Bafinsteim.
1346 1899 1541 1980 Piaeterea
1594 1902 1753 1977 einricus

491 2003 544 2080 IV
571 2023 637 2076 rex
663 2002 765 2076 dedit
790 2003 938 2078 vineam
966 2027 1081 2106 unam
1103 2005 1152 2080 ad
1174 2003 1343 2080 Eichioie
1367 2004 1408 2080 in
1438 2004 1687 2101 Ingilcnheim,
1714 2003 1753 2079 dc

487 2103 662 2183 Bezecha
678 2104 723 2177 de
754 2097 949 2178 ottenheim
963 2105 1066 2182 dedit
1080 2106 1229 2183 vineam
1248 2128 1364 2182 unam
1379 2105 1418 2180 dt
1434 2107 1565 2180 curtile
1574 2103 1652 2200 jin
1677 2104 1752 2179 Bu·

478 2203 662 2309 finsimim,
688 2203 727 2281 δι
751 2203 949 2282 Diemarus
983 2207 1029 2283 de
1054 2202 1291 2283 Niderenburc
1321 2205 1463 2280 hubam
1493 2207 1686 2279 dimidiam
1711 2206 1751 2279 in

374 2347 378 2352 ·
423 2373 433 2386 .
485 2305 705 2422 Phungudut.
757 2307 921 2394 Quorum
936 2331 1006 2405 ego
1020 2308 1196 2396 ultimus,
1220 2307 1335 2381 immo
1355 2305 1522 2380 omnium
1547 2305 1750 2392 minimus,

485 2407 548 2504 qui
565 2408 632 2482 Dei
648 2404 768 2501 gratia
785 2405 846 2497 id,
872 2409 1090 2506 quodsum,
1114 2409 1197 2486 haec
1213 2405 1382 2484 conceffis
1401 2406 1461 2483 vei
1477 2406 1575 2482 datis
1601 2405 1753 2483 decrevi

428 2565 432 2571 .
482 2509 591 2606 super
605 2506 771 2604 adjicere,
787 2508 825 2585 dt
840 2507 995 2588 stabilire
1010 2512 1050 2586 in
1063 2521 1305 2606 augmentum
1319 2507 1485 2594 illorum,
1511 2505 1749 2584 scilicetEri·

483 2607 658 2697 cnutum,
682 2609 929 2706 Alingisiach,
954 2609 1155 2689 &hubam
1176 2632 1291 2685 unam
1304 2607 1344 2684 in
1367 2606 1575 2698 Sicinium,
1600 2607 1639 2686 dt
1652 2608 1748 2686 duas

377 2717 380 2723 ’
401 2767 403 2770 -
482 2711 523 2788 in
548 2709 727 2800 Erthach,
753 2711 791 2788 dt
807 2712 1059 2790 molendinum
1070 2711 1086 2810 j
1113 2710 1153 2790 tc
1166 2709 1290 2789 hubas
1304 2733 1329 2787 v
1343 2710 1384 2786 in
1403 2709 1569 2785 Stacheim
1584 2763 1595 2798 ‚
1610 2709 1649 2786 δι
1663 2733 1746 2809 par·

482 2825 561 2888 tem
569 2815 623 2890 ‘de
648 2835 744 2890 novo
770 2813 864 2891 saltu
885 2813 922 2889 in
948 2814 1084 2890 Biumn
1099 2811 1212 2911 juxta
1242 2811 1473 2900 Wnenieim,
1500 2807 1540 2887 dc
1562 2812 1746 2887 decimam

433 2985 442 2998 ,
482 2913 495 2990 i
523 2913 593 2991 fius
611 2914 724 2992 saltus
748 2937 835 2991 cum
862 2916 965 2993 omni
993 2911 1106 3012 jure,
1131 2913 1171 2992 dt
1188 2910 1242 3010 jjjj
1263 2911 1448 3009 jnrnales,
1474 2912 1513 2989 &
1532 2913 1661 2989 curtile
1671 2911 1687 3008 j
1708 2914 1748 2990 in

538 3017 725 3106 inanium,
752 3015 997 3095 teredinis&
1017 3015 1312 3107 constitutionem
1325 3011 1378 3110 xjj
1392 3014 1576 3090 hub'arum
1591 3014 1629 3088 in
1654 3013 1746 3090 ltet-
1866 3093 1872 3100 ,

481 3115 582 3206 bach,
607 3117 814 3209 Sicinium,
839 3119 1016 3208 mamm,
1043 3119 1082 3196 dt
1094 3140 1160 3217 pro
1173 3117 1330 3194 dimidia
1353 3116 1472 3203 huba,
1498 3138 1611 3214 quam
1626 3115 1744 3205 Here-

478 3216 607 3296 bertus
621 3221 667 3296 de
681 3219 912 3312 Lauresham
926 3243 1014 3296 cum
1034 3241 1151 3296 uxore
1171 3217 1235 3296 sua
1247 3217 1287 3296 dt
1308 3218 1384 3294 iilio
1398 3219 1436 3294 in
1459 3217 1657 3292 Strazicim
1678 3216 1742 3293 de·

334 3359 337 3366 ·
478 3319 609 3409 derat,
636 3323 863 3400 concambivi
878 3323 932 3399 eis
957 3318 1036 3418 xjjjj
1065 3318 1233 3417 jurnales
1254 3321 1294 3396 in
1319 3321 1464 3425 Bifissat.
1515 3317 1742 3396 Ber'tholdus

479 3442 626 3520 quoque
640 3424 844 3501 advocatus
857 3447 946 3500 cum
971 3421 1172 3520 Liuigarda
1185 3444 1302 3500 uxore
1315 3421 1378 3498 sua
1392 3421 1492 3498 dedit
1503 3419 1625 3498 hubas
1647 3422 1742 3496 duas

475 3521 516 3621 in
546 3524 601 3605 W
597 3527 877 3602 immundesdute.
928 3522 993 3602 Ad
1007 3524 1089 3603 haec
1105 3525 1222 3620 etiam
1243 3525 1306 3626 ipsi
1329 3524 1460 3600 fratres
1475 3535 1646 3600 ememnt
1669 3523 1740 3598 hu·

474 3623 563 3702 bam
580 3649 695 3702 unam
710 3627 748 3702 in
776 3627 941 3704 cantum
954 3627 993 3707 dc
1014 3625 1190 3722 vinedmj
1208 3627 1246 3702 in
1270 3626 1493 3747 Bastnsheim,
1521 3623 1560 3703 dt
1573 3625 1703 3701 curtile
1712 3621 1742 3719 j,

476 3725 515 3802 dt
535 3741 643 3827 pratu
666 3730 740 3805 duo
761 3727 800 3806 dt
821 3729 958 3808 vineas.
977 3727 1041 3826 vjjj
1081 3731 1121 3806 in
1150 3728 1375 3810 Wmmm.
1426 3729 1478 3803 Et
1508 3727 1744 3804 Hildibertue

369 3873 373 3882 ·
408 3837 413 3844 '
474 3828 521 3903 de
534 3831 665 3906 eodem
679 3833 761 3906 loco
776 3831 867 3907 emit
880 3831 935 3908 eis
951 3831 1099 3908 vineam
1110 3829 1127 3927 j
1141 3829 1178 3905 in
1194 3831 1324 3907 eodem
1340 3823 1440 3907 locd.¹
1485 3830 1537 3906 Et
1547 3835 1740 3930 propterea

321 4034 324 4052 Ι
454 3928 681 4024 ,θκίίὶίιηεινί
703 3953 910 4032 congruum
933 3931 1006 4012 hoc
1020 3932 1075 4014 eis
1099 3931 1278 4014 conscribi
1299 3930 1584 4024 testamentum,
1610 3942 1737 4028 quate·

1485 4073 1489 4080 ’
1614 4051 1685 4108 lius
