4000 5417
535 417 641 540 Sec.
669 416 774 499 VIII
802 416 995 497 erroro
1018 417 1153 493 ‘uene
1402 436 1451 513 η

180 580 1451 608 *mm

563 616 565 621 ,
1278 630 1453 647 0.-

178 752 312 809 annos
332 720 502 819 decem,
530 712 689 804 menies
704 716 814 819 odio,
832 720 907 831 qui
925 717 1066 805 statim
1082 720 1125 802 in
1140 713 1372 831 primordio
1387 711 1452 797 de·

177 832 346 921 moues
364 828 509 945 ligneis
527 829 738 933 domibus,
756 834 799 915 in
816 833 969 942 quibus
987 831 1139 916 iratres
1154 848 1330 913 eatenus
1344 852 1452 912 com·

179 946 430 1043 manebant,
459 944 500 1025 in
519 939 740 1054 aquilonali
757 941 950 1031 videlicet
965 966 1110 1061 parte,
1127 938 1349 1026 claustrum
1364 965 1451 1024 mu·

181 1060 245 1143 tls
262 1052 522 1141 circumdans
547 1053 601 1139 ad
625 1053 895 1140 meridianam
919 1079 1111 1173 partem,
1155 1056 1220 1140 uti
1245 1081 1356 1137 nunc
1392 1054 1450 1137 vi·

181 1169 336 1269 detur,
365 1162 604 1269 transtulit,
642 1166 933 1255 dormitorIum
957 1198 1016 1282 qu
1073 1197 1127 1254 ue
1163 1192 1263 1251 cum
1288 1161 1452 1249 ecclesia

183 1278 336 1397 triplici
352 1278 476 1381 fecit,
503 1276 709 1382 cancellos
733 1280 842 1365 circa
858 1196 1175 1395 requiedlleati
1197 1276 1379 1366 Nazarii
1393 1304 1452 1363 ex

183 1422 288 1479 auro
304 1414 560 1508 argentoque
588 1388 761 1477 mirifice
778 1392 950 1479 vestiens
968 1456 980 1497 ,
1009 1396 1298 1511 pavaentum
1321 1392 1451 1475 etiam

185 1533 330 1591 coram
347 1503 468 1591 altari
484 1507 605 1591 vario
620 1505 795 1591 stratum
810 1531 1019 1591 mannore
1046 1502 1292 1593 sublimavit.
1337 1502 1453 1589 Prae·

186 1616 267 1703 fuit
294 1616 638 1705 Laureshamensr
676 1616 921 1703 monasterio
944 1621 1062 1703 annis
1095 1619 1141 1703 vi
1168 1620 1272 1717 inti,
1309 1612 1452 1701 menfi-

187 1730 268 1815 bus
287 1729 395 1831 uilo,
411 1728 608 1815 Treveris
637 1725 877 1831 deiundlus,
901 1728 1099 1818 LauriiIae
1142 1726 1305 1841 epultus
1332 1727 1402 1813 est.
1430 1734 1451 1779 ·
1482 1718 1636 1786 ‘Offlffit

186 1840 279 1929 Sub
300 1840 380 1925 hoc
392 1864 513 1971 patre
531 1841 737 1953 quasdam
751 1838 1033 1955 [pellabiIium
1049 1834 1315 1954 personarum
1328 1839 1451 1923 dona·
1470 1805 1646 1977 sgffi}

185 1954 348 2151 qioqreqb
366 1952 504 2037 erdem
540 1952 787 2041 monasterio
804 1948 988 2056 collatas,
1004 1978 1160 2069 paucus
1187 1978 1246 2037 ex
1271 1947 1454 2075 pluribus

220 2092 244 2147 e
262 2090 321 2149 cr1
349 2091 482 2151 amus,

778 2278 880 2371 XII.

241 2449 418 2545 Donatio
432 2452 588 2551 Albae,
605 2444 1081 2651 abbasiffireldessotalm,
1099 2440 1327 2558 monsterio
1351 2442 1406 2542 δ’

724 2563 792 2651 lris
836 2590 932 2651 ocrs.

187 2732 459 2869 Audirimus,
480 2754 567 2807 cum
580 2732 818 2829 evangellum
845 2731 1046 2827 legeretur,
1070 2749 1202 2805 vocem
1215 2726 1323 2803 illam
1356 2722 1451 2801 toni·

276 2832 408 2905 trualis
421 2831 622 2917 sententiae,
648 2836 689 2907 in
702 2844 780 2927 qna‘
786 2832 877 2907 dicit
891 2834 1071 2907 Dominus
1084 2830 1201 2906 noster
1225 2830 1325 2930 lesus
1344 2826 1451 2903 Chri·

172 2932 289 3011 ustus:
314 2932 400 3009 date
415 2927 673 3018 elemosrnam,
698 2931 736 3005 δι
750 2932 857 3007 eece!
883 2934 1007 3009 omnib
1021 2931 1163 3008 munda
1176 2930 1259 3007 sunt
1275 2928 1391 3015 vobis,
1412 2926 1451 3003 dc

178 3034 296 3111 alibi:
322 3030 414 3107 ficut
426 3054 522 3127 aqua
536 3029 721 3127 extinguit
732 3032 875 3127 ignem,
898 3033 950 3109 ita
962 3033 1157 3110 elemosina
1169 3030 1354 3127 extinguit
1368 3052 1450 3129 pee-

186 3148 327 3213 eamm.
381 3133 520 3209 ldebco
546 3155 616 3227 ego
636 3132 675 3206 in
700 3134 767 3207 Dei
784 3135 929 3223 nomine
955 3133 1071 3211 Aaou
1099 3136 1178 3209 Deo
1191 3133 1347 3221 sacrata,
1372 3128 1451 3205 filia

190 3240 400 3315 Tuuomur
418 3232 617 3331 quondam,
631 3254 695 3331 pro
708 3236 867 3311 remedio
891 3235 1027 3313 ani1nae
1045 3258 1138 3313 mere
1154 3238 1215 3312 vel
1234 3250 1374 3313 aeterna
1398 3254 1453 3304 re·

191 3338 388 3416 tributione
402 3336 501 3408 dono
515 3333 562 3407 ad
588 3332 745 3411 sancium
771 3336 840 3416 Dei
854 3352 1058 3432 martyrem
1083 3337 1282 3413 Nazarium
1296 3388 1307 3424 ,
1323 3331 1387 3430 qui
1400 3352 1453 3405 re·

192 3440 342 3537 quiescit
353 3439 394 3511 in
409 3456 558 3533 corpore
572 3434 611 3509 iu
626 3458 714 3529 uago
731 3436 894 3535 Bennafa,
910 3438 950 3511 in
964 3437 1177 3512 monasterio
1190 3437 1288 3533 quod
1301 3446 1455 3511 vocatur

190 3539 417 3623 mereshem,
427 3535 693 3635 superiluviuun
706 3534 931 3632 ngoz‚vel
940 3538 989 3610 ad
1005 3538 1107 3611 illam
1114 3532 1456 3630 Stamcongregati-

193 3665 304 3716 onem
326 3638 615 3726 monachorum,
643 3660 729 3735 quae
751 3638 888 3713 ibidem
908 3636 1073 3711 adunata
1084 3636 1157 3722 est,
1183 3635 1247 3709 nbi
1268 3637 1323 3709 vit
1348 3656 1456 3709 vene·

195 3742 324 3816 rabilis
347 3738 534 3815 Ricbbodo
559 3740 656 3815 abba
676 3736 826 3839 praeeiie
852 3738 1023 3825 videtur,
1055 3734 1305 3830 donatumque
1323 3736 1363 3811 in
1375 3758 1455 3835 per·

195 3854 353 3941 petuum
366 3839 431 3916 eise
445 3843 553 3929 volo,
579 3840 618 3919 &
630 3840 869 3940 promtiffima
883 3840 1075 3917 voluntate
1088 3836 1288 3925 confirmo,
1312 3838 1384 3914 hoc
1398 3836 1458 3926 est,

180 3939 482 4033 monasterum,
507 3943 605 4045 quod
617 3942 667 4025 est
691 3940 935 4121 conibugum
953 3942 995 4024 in
1018 3940 1158 4021 honore
1182 3938 1310 4021 sande
1328 3940 1460 4119 Maqiae

217 4104 232 4127 -.
899 4068 921 4126 2
1350 4066 1396 4122 ve
