4000 5417
598 406 703 483 Sao.
730 406 839 485 VIII
867 404 1064 485 Cnnoro
1091 427 1220 485 acca

1424 432 1475 513 ³5

514 855 717 967 Pressoria
737 706 906 972 ejztllrlrn
935 853 1160 948 Rachiae.

197 1022 434 1167 Venerabili
459 1020 497 1097 in
523 1020 663 1099 Christo
697 1022 928 1098 Richbodoni
949 1022 1085 1113 abbati.
1138 1022 1366 1099 Rucurtnrs
1392 1024 1470 1101 Deo

284 1126 425 1201 sacrata
442 1124 668 1227 supplicam,
695 1124 785 1199 dum
800 1122 939 1200 nonest
955 1124 1183 1221 incognitum
1199 1179 1210 1213 ,
1227 1126 1387 1222 qualiter
1401 1150 1470 1222 ego

192 1250 469 1431 *altilis
480 1250 579 1401 llll
596 1224 666 1401 11
659 1224 1365 1425 llllsltllllllll‘sblllill
1380 1227 1471 1429 {⁶0¹2

198 1444 259 1507 tea
275 1454 361 1507 mea
383 1430 451 1505 suit
473 1428 599 1528 petitio
614 1428 652 1504 δι
670 1427 790 1506 vestra
804 1428 876 1503 suit
900 1430 1176 1519 benevolentia,
1200 1444 1245 1506 ut
1259 1430 1375 1530 ipsam
1390 1454 1470 1507 rem

198 1533 313 1608 etiam
341 1533 403 1607 sub
437 1532 505 1606 usu
527 1530 726 1605 frustuario
753 1528 966 1607 beneficiare
992 1533 1198 1619 deberetis,
1224 1534 1353 1609 diebus
1373 1534 1466 1609 vitae

199 1656 312 1723 meae,
328 1633 427 1729 quod
440 1635 494 1708 ita
514 1631 726 1719 &fecistiS,
753 1629 967 1709 similiter&
983 1635 1033 1709 ad
1056 1634 1191 1708 Scurra
1209 1635 1324 1732 Ipsam
1347 1634 1466 1711 basui-
1539 1706 1545 1715 .

196 1758 312 1822 cam,
339 1736 406 1810 vel
421 1734 606 1830 quicquid
627 1734 764 1809 ibidem
785 1732 994 1822 haberetis,
1028 1756 1185 1810 necnon
1209 1734 1246 1809 a
1268 1739 1316 1810 ad
1350 1738 1467 1811 Merc-

189 1834 288 1934 sche,
303 1836 343 1911 dt
360 1835 397 1909 in
412 1836 704 1909 Aotlrmareslreim
718 1834 757 1911 ὅ(
773 1837 822 1909 ad
835 1835 1059 1908 I'ranbondal
1073 1886 1084 1921 ,
1109 1832 1147 1911 dt
1160 1835 1210 1908 ad
1223 1834 1407 1935 accepera,
1427 1838 1467 1913 δι

199 1936 251 2011 ad
266 1934 570 2022 Blotmaraslrcim,
585 1958 628 2009 ea
643 1936 779 2011 scillcet
792 1936 953 2024 ratione,
973 1932 1107 2029 utJam
1121 1935 1234 2015 distas
1247 1956 1306 2008 res
1321 1936 1468 2025 babere,

197 2037 425 2113 &excolere
451 2036 632 2124 debeam,
658 2037 697 2113 δι
718 2036 810 2111 nihil
836 2036 970 2111 exinde
992 2036 1183 2122 minuere,
1210 2034 1271 2109 sed
1295 2037 1471 2131 quicquid

195 2138 335 2215 ibidem
352 2138 486 2213 addere
500 2151 568 2212 aut
586 2138 781 2212 meliorare
796 2150 977 2235 potuero,
1002 2133 1266 2235 promptissima
1281 2137 1471 2211 voluntate

193 2240 359 2326 faciam,
385 2236 423 2313 dt
438 2238 546 2313 annis
567 2236 716 2335 singulis
737 2240 775 2312 in
802 2238 955 2311 censum
968 2258 1037 2335 pro
1059 2236 1132 2311 hac
1151 2260 1191 2310 re
1213 2238 1250 2310 in
1275 2236 1469 2313 festivitate

195 2341 305 2419 sansii
330 2339 479 2414 Martini
494 2338 565 2414 XII
590 2340 761 2414 denarios
775 2338 1008 2437 persolvam,
1035 2336 1076 2414 δι
1090 2337 1115 2412 sr
1129 2338 1175 2411 de
1191 2337 1266 2436 ipso
1280 2338 1391 2413 censu
1405 2364 1467 2415 ne··

194 2444 339 2539 gligens
353 2438 548 2527 exstitero,
575 2464 660 2516 cum
683 2442 778 2536 legis
802 2438 977 2515 beneficio
998 2439 1071 2513 hoc
1097 2438 1295 2515 emendare
1311 2439 1467 2532 faciam,
1557 2530 1563 2537 ‚

193 2542 231 2623 dt
249 2543 396 2641 quando
413 2542 561 2640 quidem
577 2565 683 2617 meus
700 2542 845 2618 venerit
867 2538 1062 2629 discolius,
1089 2540 1228 2637 absque
1240 2542 1355 2618 uibus
1377 2566 1465 2619 oon·

192 2646 405 2723 tradisiione
431 2645 492 2719 vel
511 2641 642 2739 judicis
659 2643 900 2740 assignatione
923 2664 1001 2717 rem
1023 2641 1133 2741 supra
1153 2642 1287 2719 dislam
1311 2658 1465 2741 agentes

192 2746 406 2823 monasterii
426 2745 536 2817 senili
559 2746 708 2821 Nazarii
734 2767 798 2843 per
821 2742 1030 2843 semetipsos
1045 2745 1083 2820 in
1108 2744 1179 2821 Dei
1200 2747 1350 2823 nomine
1371 2749 1463 2823 reci·

194 2868 286 2947 pere
301 2844 340 2920 dt
366 2862 535 2917 revocare
548 2845 708 2919 valeant
734 2844 912 2921 Fasiaest
923 2846 1006 2925 haec
1025 2847 1192 2946 precaria
1206 2849 1308 2939 loco,
1333 2846 1463 2938 die‚&

193 2962 392 3045 ternpore,
417 2964 493 3041 quo
517 2940 632 3043 supra.
657 2968 662 2980 ’

191 3152 360 3326 Hanc
378 3147 648 3232 donationem
675 3144 719 3233 ὅ(
731 3092 974 3351 [precariam
990 3151 1128 3282 postea
1149 3146 1222 3239 sub
1239 3150 1461 3272 Adalungo

311 3263 464 3346 abbate
480 3284 590 3341 anno
606 3254 727 3348 XLII
769 3323 780 3344 .
832 3259 971 3349 Caroli
999 3268 1263 3379 imperatoris
1287 3266 1379 3352 baec
1395 3293 1461 3349 ea·

192 3374 295 3461 dem
309 3392 505 3457 matrona
521 3372 757 3456 renovando
786 3372 1060 3461 confirmavit.
1256 3392 1262 3399 ·

281 3480 501 3582 Exorata,
537 3478 725 3593 finesque
756 3480 1008 3596 singularum
1034 3486 1343 3590 donationum,
1381 3488 1462 3573 for·

194 3626 291 3685 mas
309 3621 477 3709 quoque
493 3597 777 3709 precariarum
788 3622 937 3679 omnes
957 3594 1243 3699 transcribere,
1271 3601 1463 3714 mancipi·

196 3736 325 3793 orum
349 3703 611 3791 nihssominus
626 3706 671 3795 dt
698 3708 864 3795 testium
886 3708 1056 3793 nomina
1074 3704 1255 3795 seriatIm
1288 3739 1462 3827 ponere,

195 3822 244 3909 ὅ(
265 3817 433 3934 longaun
451 3820 534 3922 est,
564 3819 609 3906 dt
634 3851 718 3907 non
743 3816 1038 3924 necessarium,
1066 3825 1256 3909 maxime
1281 3852 1464 3911 cturrex-

194 3934 334 4051 ceptis
356 3927 649 4049 personarum,
688 3932 964 4139 locorumEoe
988 3934 1204 4025 vocabulis
1229 3968 1278 4025 ac
1306 3960 1461 4055 tempo·

944 4077 972 4143 2
1311 4079 1404 4141 mm
