4000 5417
1827 604 1834 617 ο

1655 630 1833 651 Q

568 786 781 860 manentes,
807 766 933 865 injuste
959 767 1251 866 distringendos,
1279 792 1346 853 nec
1368 769 1465 845 ullas
1485 770 1746 859 redibitiones,
1768 786 1836 851 aut

570 876 719 953 illicitas
745 866 949 970 occasiones
975 872 1238 969 requirendas,
1262 870 1392 945 nostris
1418 894 1485 945 nec
1500 870 1635 947 futuris
1660 873 1835 971 tempori·

572 980 642 1057 bus
666 976 807 1073 ingredi
829 974 989 1061 audeat,
1015 996 1159 1059 necea,
1186 994 1279 1069 quae
1292 972 1399 1071 supra
1414 987 1621 1049 memorata
1639 973 1745 1061 font,
1772 998 1835 1072 pe·

572 1080 673 1157 nitus
687 1079 833 1173 exigere
847 1073 1075 1176 praesumat,
1101 1074 1163 1147 sed
1175 1074 1286 1150 liceat
1298 1088 1504 1149 memorato
1519 1074 1662 1163 abbati,
1690 1074 1835 1172 suisque

515 1174 518 1181 ’
571 1177 826 1277 succelsoribus
840 1198 899 1253 res
924 1176 1095 1275 praeditti
1110 1174 1318 1267 monasterii
1339 1174 1403 1251 sub
1430 1176 1675 1252 immunitatis
1696 1176 1834 1253 nostrae

529 1320 536 1331 ·
570 1279 776 1359 defenfione
790 1280 913 1377 quieto
927 1278 1054 1353 ordine
1069 1276 1250 1374 pondere.
1301 1276 1485 1373 Quicquid
1497 1278 1613 1353 etiam
1627 1278 1763 1353 exinde
1772 1276 1835 1374 jus

570 1384 646 1459 fisci
661 1383 809 1477 exigere
822 1376 989 1480 poter'at,
1016 1378 1054 1452 in
1068 1380 1254 1474 integrum
1274 1378 1393 1453 eidem
1410 1376 1643 1453 conceffimus
1658 1380 1835 1454 monaste·

569 1486 645 1573 rio,
669 1482 819 1570 scilicet,
846 1496 888 1556 ut
903 1481 939 1556 in
952 1480 1166 1556 alimoniam
1173 1501 1379 1583 pauperum
1393 1478 1620 1578 &stipendia
1635 1482 1835 1556 monacho·

570 1609 655 1663 rum
669 1584 805 1661 ibidem
832 1584 909 1657 Deo
923 1580 1213 1669 famulantium,
1238 1580 1454 1678 perennibus
1480 1581 1707 1680 temporibus
1727 1582 1836 1681 profi·

573 1688 650 1763 ciat
663 1686 701 1759 in
722 1684 941 1780 augmentis.
996 1684 1048 1756 Et
1060 1682 1359 1779 quandoquidem
1380 1682 1506 1758 divina
1521 1684 1713 1760 vocatione
1728 1684 1834 1781 supra

572 1789 688 1863 ditius
705 1787 800 1862 abba
813 1786 874 1860 vel
888 1782 1096 1859 lucceiiores
1111 1780 1192 1879 ejus
1207 1784 1253 1859 de
1266 1782 1338 1859 hac
1348 1784 1435 1859 luce
1442 1783 1694 1880 migraverint,
1704 1808 1833 1883 qnam·

572 1889 636 1963 diu
651 1885 713 1987 ipsr
730 1886 902 1961 monachi
923 1886 1019 1960 inter
1035 1884 1071 1959 se
1096 1886 1190 1961 tales
1211 1885 1376 1959 invenire
1396 1886 1606 1985 potuerint,
1632 1888 1697 1983 qui
1719 1886 1833 1985 ipsam

479 2022 484 2029 ·
570 1989 895 2086 congregationem
908 1986 1108 2061 secundum
1122 1987 1290 2081 regulam
1305 1985 1416 2062 sancti
1428 1988 1615 2062 Beneditti
1628 2009 1754 2083 regere
1769 2013 1833 2065 va-

568 2092 691 2178 leant,
716 2088 892 2189 perhanc
912 2080 1075 2163 nostram'
1094 2087 1347 2163 autioritatem
1371 2086 1410 2163 dt
1429 2087 1665 2177 consensum,
1690 2088 1831 2166 ficut&

570 2194 625 2267 eis
639 2193 811 2266 dominus
825 2190 862 2265 dt
879 2190 1022 2285 genitor
1035 2188 1152 2263 noster
1165 2211 1229 2285 per
1249 2188 1353 2263 suam
1379 2190 1630 2266 auttoritatem
1646 2189 1830 2267 conceffit.

568 2294 756 2369 licentiam
770 2291 931 2366 habeant
944 2288 1102 2385 eligendi
1117 2289 1293 2380 abbates,
1315 2290 1495 2386 'quatinus
1516 2290 1598 2390 ipfis
1612 2290 1722 2366 servis
1742 2292 1830 2380 Dei,

572 2393 638 2491 qui
658 2391 795 2467 ibidem
823 2392 901 2467 Deo
925 2390 1179 2478 famulantur,
1204 2414 1270 2490 pro
1290 2392 1421 2467 eodem
1446 2393 1607 2488 genitore
1627 2390 1762 2478 nostro,
1788 2390 1831 2469 dc

571 2516 638 2593 pro
654 2490 809 2568 nobis&
825 2490 1019 2568 stabilitate
1044 2492 1160 2567 totius
1182 2492 1283 2588 regni
1303 2493 1447 2569 nostria
1472 2494 1552 2570 Deo
1564 2494 1666 2569 nobis
1681 2494 1828 2591 collati,

486 2646 489 2653 ι
572 2594 611 2671 dr
627 2592 705 2689 ejus
726 2594 1007 2669 clementiffima
1019 2593 1247 2671 miseratione
1267 2617 1330 2692 per
1343 2594 1565 2670 immensum
1579 2596 1832 2686 conservandi,

566 2692 705 2795 jugiter
730 2693 880 2769 Domini
905 2694 1191 2770 misericordiam
1216 2718 1367 2771 exorare
1398 2696 1565 2779 delectet.
1618 2698 1668 2773 Et
1681 2710 1724 2789 ut
1747 2691 1831 2773 haec

569 2795 766 2873 austoritas
785 2794 914 2871 nostris
938 2794 1144 2893 futurisque
1172 2798 1401 2896 temporibus
1427 2799 1586 2875 Domino
1616 2812 1830 2899 protegente

569 2899 696 2974 valeat
719 2896 932 2975 inconvulsa
945 2896 1156 2985 confistere,
1182 2912 1298 2973 manu
1312 2897 1431 2974 nostra
1445 2900 1567 2977 subter
1581 2899 1830 2988 firmatim,

569 2996 726 3077 &anuli
748 2998 860 3093 nostri
884 2998 1106 3098 impreffione
1125 2998 1259 3094 signari
1273 2998 1450 3096 juffimus.
1501 3002 1740 3077 Hildibaldus
1755 3002 1833 3097 epi·

564 3102 697 3199 scopus
712 3098 750 3176 ἃ
777 3102 1020 3180 cancellarius
1033 3100 1115 3175 vice
1139 3098 1311 3195 Willigifi
1328 3100 1578 3201 archiepiscopi
1592 3100 1633 3176 uc
1645 3101 1832 3197 capellani

567 3200 774 3297 recognovi.
816 3200 927 3275 »Data
949 3202 1019 3277 illl
1039 3202 1217 3277 kalendas
1242 3203 1481 3291 Decembris,
1505 3224 1600 3276 anno
1620 3200 1831 3282 Dominlcae

516 3350 523 3361 ·
567 3302 830 3379 incarnationis
855 3300 1256 3390 DCCCCLXXXIIII,
1280 3304 1472 3380 inditiione
1495 3304 1598 3390 Xlll,
1623 3324 1718 3377 anno
1736 3324 1833 3383 vero

565 3405 669 3501 regni
691 3403 788 3479 tertii
814 3404 957 3479 Ottonis
982 3414 1119 3501 quaro.
1146 3401 1209 3504 (a)
1232 3400 1369 3483 Attum
1388 3407 1428 3483 in
1451 3403 1669 3504 largitatum
1689 3402 1729 3480 in
1754 3402 1834 3483 Dei

564 3506 712 3587 nomine
725 3504 881 3583 feliciter
906 3528 1028 3583 amen.
1424 3536 1428 3544 ·
1516 3557 1520 3564 ·

1685 3703 1777 3796 Ro

606 3864 676 3951 (a)
695 3864 769 3931 Non
783 3864 931 3929 convenit
954 3878 1059 3927 annus
1078 3869 1212 3946 quartos
1233 3864 1322 3948 regni
1335 3864 1463 3931 Ottonis
1490 3863 1541 3930 111
1567 3882 1643 3928 cum
1658 3860 1836 3929 anno'Cbr.

648 3964 793 4035 9842q110
807 3952 915 4015 datum
928 3948 988 4011 hoc
1004 3950 1141 4032 diploma
1152 3950 1280 4032 legitur
1293 3951 1488 4019 successerat
1496 3953 1583 4015 enim
1597 3950 1739 4033 patrisuo
1747 3967 1837 4012 anno
1945 3965 1951 3996 ¹

641 4036 804 4117 superiore
826 4048 900 4120 983.
921 4036 1076 4099 Convenit
1097 4045 1203 4100 autem
1224 4034 1360 4123 appofita
1376 4036 1510 4106 mutuo
1523 4035 1616 4115 XIII,
1627 4036 1762 4105 undein
1778 4052 1836 4102 an.

648 4120 740 4237 regni
755 4119 868 4190 vitium
882 4117 1033 4203 irrepfilse
1053 4120 1243 4207 conjicimus.
1348 4142 1371 4163 f
