4000 5417
550 608 622 691 150
925 595 1109 699 Canon,
1132 618 1194 673 nr
1219 561 1438 673 Genuam

547 758 725 777 m
1256 762 1462 778 ἡ*

349 892 356 908 ’
412 954 415 965 .
548 898 656 975 bonae
670 898 860 975 memoriae
886 900 1062 991 Ornours
1085 896 1316 999 imperatoris
1339 896 1506 993 augusti,
1533 898 1668 995 inqua
1699 899 1814 974 conti-

549 1000 730 1089 nebatur,
756 1000 916 1099 qualiter
931 1002 1029 1077 idern
1046 1001 1161 1083 senior
1186 999 1303 1077 noster
1316 1000 1436 1097 ipsum
1460 999 1744 1087 monasterium,
1768 1000 1819 1079 ob

551 1122 718 1177 amorem
745 1101 814 1177 Dei
828 1104 1132 1199 devotionemque
1145 1104 1304 1179 fratrum
1317 1102 1452 1175 ibidem
1475 1102 1554 1176 Deo
1571 1101 1813 1191 servientium,

524 1202 690 1301 ,semper
716 1202 781 1279 sub
801 1203 998 1280 sirmissrma
1019 1206 1174 1280 tuitione
1198 1203 1238 1281 δι
1263 1202 1507 1278 immunitatis
1532 1202 1737 1279 desensrone
1767 1205 1813 1279 ab

490 1382 504 1413 Α
550 1306 653 1379 omni
667 1306 919 1401 inquietudine
929 1304 1132 1403 judiciariae
1147 1303 1333 1404 potestatis
1358 1304 1541 1379 consistere
1554 1304 1701 1380 fecisset.
1756 1306 1812 1381 ln·

493 1422 496 1428 ’
552 1404 658 1505 super
679 1408 793 1481 etiam
818 1409 964 1504 rogavit
984 1433 1052 1483 nos
1071 1408 1170 1482 idem
1196 1407 1388 1505 praedittus
1405 1406 1519 1481 abbas
1545 1407 1748 1493 Geroldus,
1765 1404 1814 1481 ‘ut

551 1530 695 1582 morem
710 1507 855 1584 senioris
881 1509 989 1584 nostri
1015 1508 1202 1607 sequentes
1215 1521 1441 1608 praeceptum
1468 1503 1725 1601 hujuscemodi
1747 1508 1816 1582 im-

551 1609 744 1684 munitatis
757 1610 804 1684 ob
824 1612 1068 1685 reverentiam
1089 1609 1197 1685 sansti
1217 1609 1394 1705 martyris
1420 1608 1566 1684 Nazarii
1587 1612 1686 1684 circa
1700 1606 1817 1707 ipsum

552 1710 812 1787 monasterium
837 1712 915 1786 lieri
929 1709 1186 1804 censeremus;
1213 1708 1320 1806 cujus
1345 1709 1512 1809 petitioni
1537 1734 1602 1809 per
1635 1710 1817 1786 interven-

265 1824 267 1832 ’
376 1833 380 1845 ·
463 1870 465 1875 ,
553 1822 635 1885 tum
661 1812 799 1889 dilestae
815 1812 979 1909 conjugis
997 1812 1137 1900 nostrae,
1163 1810 1339 1888 videlieet
1365 1812 1517 1907 Reginae
1532 1809 1819 1900 Cuuununnm,

552 1935 596 1989 ac
622 1913 813 2009 Willigisr,
832 1916 1056 2009 Mogontinoe
1071 1914 1165 1989 sedis
1179 1913 1396 1989 venerabilis
1412 1913 1691 2011 archiepiscopi,
1707 1912 1819 1988 assen-
1914 1927 1917 1930 ’
1989 1899 1990 1942 ³

553 2013 633 2089 sum
648 2015 898 2113 praebuimus,
925 2016 963 2092 dt
986 2016 1058 2091 hoc
1086 2014 1215 2093 nostrae
1236 2015 1462 2090 austoritatis
1487 2028 1711 2114 praeceptum
1731 2038 1819 2111 erga

529 2140 532 2159 ³
553 2114 671 2215 ipsum
685 2116 941 2191 monasterium
957 2117 996 2192 dc
1021 2118 1224 2192 monachos
1238 2115 1376 2192 ibidem
1400 2114 1480 2191 Deo
1493 2117 1724 2204 militantes,
1749 2117 1821 2191 inr-

554 2218 748 2307 munitatis
762 2232 874 2313 atque
900 2217 1064 2293 tuitionis
1086 2219 1234 2315 gratia,
1260 2239 1326 2316 pro
1347 2216 1464 2292 divini
1487 2220 1610 2293 cultus
1630 2240 1756 2293 amore
1781 2217 1822 2293 δι

480 2318 483 2327 ’
556 2318 694 2393 animae
720 2317 849 2395 nostrae
870 2319 1057 2407 remedio,
1082 2318 1159 2393 lieri
1180 2319 1439 2407 decrevimus,
1465 2340 1531 2418 per
1547 2320 1639 2417 quod
1651 2319 1821 2417 praecipi·

375 2410 379 2427 ’
482 2456 488 2465 «
555 2440 641 2493 mus
656 2430 767 2516 atque
777 2416 978 2515 jubemus,
1003 2434 1047 2497 ut
1066 2420 1193 2496 nullus
1211 2418 1325 2517 judex
1348 2420 1542 2520 publicus,
1567 2421 1627 2495 itel
1643 2419 1822 2521 ,quislibet

554 2544 603 2595 ex
625 2519 821 2615 judiciaria
846 2522 1046 2620 potestate,
1080 2537 1147 2597 aut
1171 2524 1272 2599 ullus
1294 2547 1342 2597 ex
1367 2520 1538 2596 fidelibus
1558 2521 1709 2611 nostris,
1742 2535 1823 2597 tam

554 2620 792 2796 praesentibus
817 2644 930 2722 quarn
950 2622 994 2703 or·
1013 2623 1175 2712 futuris,
1202 2624 1241 2699 in
1255 2621 1423 2707 ecclesias
1440 2637 1506 2699 aut
1530 2624 1612 2699 loca
1628 2624 1689 2699 vel
1714 2645 1823 2718 agros

569 2744 617 2795 eu
642 2722 803 2818 reliquas
828 2720 1048 2821 possessiones
1072 2724 1233 2824 praedisci
1259 2723 1490 2813 monasterii,
1532 2748 1626 2821 quas
1645 2726 1823 2802 moderno
1872 2808 1878 2815 ,
1989 2791 1990 2798 ,

363 2892 368 2899 .
503 2888 505 2893 ,
554 2834 719 2921 ternpore
734 2824 773 2898 in
799 2826 1022 2923 quibuslibet
1034 2827 1157 2925 pagis,
1185 2828 1246 2902 vel
1261 2827 1452 2904 territoriis
1465 2826 1562 2903 infra
1575 2826 1751 2903 ditionem
1764 2848 1823 2900 re·
1989 2825 1990 2836 '

556 2924 621 3023 gni
635 2922 743 3001 nostri
754 2923 847 3021 juste
872 2926 911 3003 dt
925 2928 1095 3025 legaliter
1108 2927 1273 3027 poffidet,
1300 2931 1361 3004 vel
1374 2952 1459 3024 quae
1472 2929 1643 3028 deinceps
1658 2952 1682 3005 a
1696 2928 1828 3007 catho-

556 3026 639 3101 licis
653 3027 743 3103 viris
758 3028 879 3105 eidem
902 3028 1049 3107 collatae
1065 3030 1202 3105 suerint
1226 3028 1469 3116 monasterio,
1496 3032 1543 3104 ad
1563 3030 1697 3106 causas
1719 3029 1829 3104 audi·

482 3220 485 3225 ¹
557 3128 698 3215 endas,
724 3125 784 3218 yel
800 3130 902 3205 freda
918 3144 984 3207 aut
1010 3131 1148 3207 tributa
1163 3132 1361 3227 exigenda,
1388 3144 1450 3209 aut
1462 3127 1663 3203 mansiones
1679 3132 1741 3205 vel
1757 3154 1830 3227 pa-

558 3244 660 3305 ratas
685 3229 899 3319 secundm,
927 3245 993 3308 aut
1018 3230 1237 3328 fidejussores
1262 3234 1469 3320 tollendos,
1495 3242 1558 3306 aut
1569 3230 1740 3305 homines
1767 3232 1830 3329 ip·

556 3328 853 3407 srusmouallerii
879 3345 957 3408 tarn
973 3334 1178 3429 ingenuos,
1205 3358 1318 3431 quam
1342 3334 1463 3411 servos
1485 3331 1585 3431 super
1610 3344 1750 3406 terram
1766 3332 1833 3431 ip-

555 3424 630 3509 sius
646 3445 947 3523 commanentes,
972 3434 1100 3530 injuste
1133 3433 1423 3532 distringendos,
1449 3458 1517 3511 nec
1540 3434 1635 3509 ullas
1659 3432 1834 3510 redibiti-

530 3540 648 3609 Jones
673 3548 740 3611 aut
758 3534 909 3611 illicims
934 3537 1139 3613 occasiones
1159 3538 1422 3635 requirendas,
1449 3536 1579 3613 nostris
1599 3560 1664 3611 nec
1689 3534 1839 3611 suturis

556 3636 784 3737 temporibus
798 3637 941 3734 ingredi
956 3639 1109 3728 audeat,
1125 3662 1191 3714 nec
1206 3663 1269 3728 ea,
1294 3662 1380 3736 quae
1393 3638 1501 3738 supra
1515 3651 1718 3715 memorata
1733 3636 1839 3728 sunt,

559 3737 707 3911 penitus
721 3738 868 3835 exigere
882 3740 1091 3857 praesumat.
1143 3742 1272 3859 Liceat
1297 3741 1410 3816 etiam
1444 3754 1650 3858 memorato
1676 3731 1840 3843 abbati,

576 3860 703 3934 uisque
728 3839 1006 3931 successoribus,
1031 3867 1090 3918 res
1114 3844 1275 3941 praedrtn
1306 3842 1512 3918 monasterti
1536 3842 1599 3917 sub
1626 3840 1841 3919 defensione
1918 3840 1925 3868 ¹

559 3936 809 4019 immunitatis
832 3943 959 4019 nostrae
986 3945 1110 4040 quieto
1125 3944 1251 4019 ordine
1272 3943 1454 4043 possidere.
1506 3944 1694 4040 Quicquid
1714 3946 1843 4019 etiam

558 4034 620 4132 jus
636 4038 708 4115 sisci
738 4044 870 4119 exinde
896 4043 1044 4139 exigere
1078 4047 1289 4143 usquehuc
1314 4058 1482 4144 poterat,
1508 4046 1548 4118 in
1566 4046 1761 4140 integrum
1787 4045 1845 4119 ei·

560 4136 647 4225 dem
660 4142 893 4227 concessimus
907 4145 1124 4223 monasterio
1135 4198 1148 4238 ,
1174 4146 1328 4237 scilicet,
1354 4147 1448 4227 utin
1461 4144 1676 4225 alimoniam
1688 4166 1849 4249 paupe·

1204 4276 1208 4281 ’
1585 4333 1591 4341 ,
1695 4266 1807 4333 sum
