4000 5417
165 788 262 876 sum,
288 784 349 861 cui
364 779 594 884 supersedere
619 778 816 865 videmur,
830 798 919 851 curn
945 770 1030 847 casa
1042 770 1260 870 superposita
1275 770 1313 847 dr
1335 770 1437 871 saepi·

165 891 252 977 bus,
279 887 403 973 terris,
429 881 597 983 pascuis,
622 880 785 979 perviis,
811 877 937 965 siluis,
961 874 1096 974 aquis,
1123 895 1352 970 aquarumve
1376 874 1438 949 de·

165 990 327 1069 cursibus
341 986 412 1064 &a
447 982 603 1069 ‘Attum
624 984 664 1057 in
687 979 906 1057 monasterio
937 975 1153 1065 Leucadem
1175 976 1209 1050 V
1230 974 1314 1069 idus
1340 974 1439 1073 Julii,
1480 994 1531 1040 11·
1541 973 1603 1051 Jul.
1742 1052 1746 1070 Ι

166 1116 263 1169 anno
278 1092 314 1166 X
329 1086 433 1184 regni
449 1084 590 1161 domini
606 1082 713 1159 nostri
729 1083 856 1157 Karoli
872 1080 968 1176 regis
984 1074 1228 1174 gloriosrffimi.
1282 1076 1442 1171 Signum

164 1188 455 1286 Heirnmingi&
481 1183 650 1283 conjugis
672 1183 778 1281 ejus,
803 1184 870 1280 qui
892 1184 991 1259 hanc
1007 1178 1245 1257 donationem
1259 1176 1440 1259 fecerunt

164 1295 355 1375 Richbodo
373 1289 520 1393 scripsit.

475 1497 481 1511 ·
692 1467 914 1563 DCLXV.

388 1608 570 1698 Duratio
597 1602 797 1716 ffiltwr‘gt'
823 1600 876 1699 td
909 1600 979 1693 W
970 1598 1210 1714 odfswr'rrdis.

191 1799 216 1849 n
234 1772 369 1851 Christi
386 1774 535 1849 nomine
551 1772 615 1848 sub
629 1770 689 1845 die
703 1769 738 1845 ΙΙ
753 1792 838 1843 non.
855 1764 1032 1863 Augusti,
1060 1789 1155 1841 anno
1169 1762 1241 1841 XX
1255 1769 1359 1864 regni
1377 1769 1442 1845 do·
1471 1805 1505 1873 4,
1520 1786 1608 1874 Aug.

216 1876 307 1950 mini
324 1875 431 1951 nostri
457 1874 585 1972 Karoii
600 1870 831 1970 imperatoris
845 1867 1007 1965 gloriosi,
1033 1890 1103 1965 ego
1127 1868 1301 1967 Hiltuuig
1315 1891 1444 1971 prore-
1733 1900 1736 1905 ¹
1791 1870 1795 1891 ’

165 1976 286 2051 medio
300 1977 437 2054 animae
452 1999 548 2054 meae
562 1974 601 2052 &
626 1972 894 2053 Wolfsuuindis
912 1972 1009 2046 dono
1024 1970 1071 2045 ad
1087 1970 1247 2046 sanibun
1261 1972 1331 2046 Dei
1343 1995 1443 2048 mar·

165 2090 289 2173 tyrem
315 2078 518 2155 Nazarium
526 2077 599 2155 dcc.
626 2074 666 2150 in
693 2073 908 2151 firmanam
917 2070 946 2168 jj
971 2069 1106 2169 jurnal.
1131 2072 1178 2149 de
1193 2086 1289 2149 terra
1311 2075 1442 2152 arabili

165 2178 203 2255 dr
220 2180 414 2275 Bergrher‘m
425 2178 441 2275 j
469 2180 620 2256 vineam
635 2201 659 2252 a
674 2176 735 2251 die
753 2174 921 2274 praesenti
936 2175 975 2248 in
1000 2174 1070 2248 Dei
1086 2174 1233 2249 nomine
1246 2188 1442 2274 perpetua·

164 2281 248 2357 liter
263 2282 312 2355 ad
325 2279 573 2380 poffidendum
588 2277 820 2377 stipulatione
833 2275 1000 2352 subnixa.
1052 2273 1189 2353 Atium
1205 2277 1245 2351 in
1262 2276 1443 2359 monaste·

161 2382 216 2455 rio
230 2382 456 2457 lauresham,
484 2382 642 2476 Signum
656 2378 899 2475 Hiltdiwigi,
925 2377 990 2473 qui
1008 2376 1106 2454 hanc
1127 2378 1365 2457 donationem
1388 2379 1442 2457 fe·

161 2483 239 2572 cit,
264 2482 409 2585 iignum
432 2481 666 2561 Humbertic
697 2480 885 2556 Rudolfus
898 2476 1056 2578 scripfit..
1586 2474 1590 2489 ’

606 2750 609 2756 ·
678 2690 922 2783 DCLXVI.
1029 2701 1031 2709 '

553 2820 736 2912 Donatio
770 2818 840 2911 W
832 2822 1034 2911 triniati.
1136 2874 1143 2879 -

162 2986 299 3127 Anno
312 2982 403 3059 XXI
418 2980 520 3078 regni
534 2982 674 3058 domini
688 2981 799 3058 nostri
824 2982 954 3059 Karoli
969 2986 1066 3083 regis
1079 2986 1241 3084 glorioii‚
1267 3014 1337 3087 ego
1351 2990 1441 3073 We·
1525 3060 1529 3069 ,

250 3087 434 3162 rinbertus
448 3086 546 3159 dono
560 3106 626 3183 pro
641 3084 805 3159 remedio
821 3087 957 3164 animae
970 3092 1136 3184 germani
1154 3092 1229 3166 mei
1244 3092 1442 3170 Rantberti

162 3191 214 3266 ad
228 3186 489 3264 monasterium
503 3186 614 3261 santii
628 3186 778 3262 Nazarii
792 3187 941 3263 nomine
950 3188 1179 3267 Lauresham
1194 3192 1266 3270 uc.
1295 3194 1333 3269 in
1353 3195 1441 3270 Gra·
1541 3244 1545 3249 -

73 3361 77 3365 r
163 3292 308 3366 wesheim
329 3288 536 3389 portionem
569 3310 693 3363 meam
708 3288 755 3364 de
774 3314 849 3365 uno
864 3292 1013 3379 manso,
1039 3292 1077 3369 ἀ
1099 3307 1237 3370 terram
1251 3294 1300 3369 ad
1324 3294 1441 3391 ipsum

163 3393 407 3492 pertinentem
423 3444 434 3480 ‚
461 3389 500 3468 δι
516 3389 698 3488 quidquid
724 3392 861 3467 ibidem
876 3392 972 3470 visus
998 3393 1072 3469 fuit
1084 3394 1221 3469 habere
1236 3416 1259 3469 a
1275 3395 1334 3469 die
1348 3416 1442 3493 prae·

166 3495 257 3569 senti
273 3496 388 3582 dono,
413 3493 520 3569 trado
534 3506 648 3590 atque
666 3492 885 3569 transfundo
907 3494 948 3567 in
974 3494 1043 3568 Dei
1058 3495 1206 3583 nomine
1221 3495 1442 3594 perpetuali-

165 3608 224 3669 ter
249 3595 298 3669 ad
320 3594 565 3692 poffidendum
592 3594 823 3695 stipulatione
844 3594 1012 3671 subnixa.
1065 3594 1203 3671 Atium
1227 3596 1443 3703 lauresham

168 3695 242 3773 XV
258 3696 437 3773 kalendas
461 3698 650 3796 Septemb.
681 3698 839 3794 Signum
866 3696 1107 3788 Werinberti,
1134 3699 1199 3799 qui
1220 3698 1317 3777 hanc
1331 3699 1445 3779 duna·
1474 3716 1534 3785 ιε.
1547 3706 1638 3797 Aug.

165 3796 309 3873 tionem
325 3796 424 3875 fecit.
452 3825 455 3831 ·
477 3799 719 3879 Geruuardus
732 3800 878 3899 scripiit.
1616 3838 1621 3847 ·

691 4130 918 4246 Aaaa3
1120 4074 1381 4223 DCLXVII.
1432 4084 1434 4090 s
