4000 5417
378 427 383 434 ’
508 446 1126 526 1unneoLononuun1rs1.
1369 420 1445 552 527

734 748 897 842 DXCI.
1048 801 1051 808 ·

196 929 201 940 ·
239 931 246 942 ·
305 925 308 935 ¹
427 884 608 980 Donatio
634 884 833 998 Eginonis
861 882 1057 974 inundent
1080 886 1187 975 villo.

171 1069 270 1198 Ego
284 1057 322 1134 in
343 1055 413 1135 Dei
432 1055 582 1132 nomine
606 1053 726 1150 Egino
741 1073 807 1152 pro
820 1051 984 1128 remedio
1005 1054 1141 1131 animae
1156 1076 1251 1132 meae
1272 1053 1369 1131 dono
1394 1059 1443 1134 ad

251 1160 413 1236 santium
440 1157 644 1233 Nazarium
670 1153 804 1231 Christi
826 1169 1032 1252 martyrem
1047 1155 1119 1232 &e
1146 1156 1185 1231 in
1214 1156 1441 1255 Ottincsuim‘j

171 1260 368 1351 mansum,
393 1259 432 1336 &
446 1271 601 1358 excepto
612 1255 628 1354 j
653 1269 776 1356 prato,
802 1255 982 1354 quidquid
998 1257 1181 1334 ineadem
1201 1271 1329 1335 marca
1343 1258 1445 1336 visun

162 1363 400 1450 nurinberc,
426 1358 491 1457 &j
518 1361 670 1437 vineam
690 1357 731 1434 in
755 1355 831 1456 ipso
846 1356 1054 1435 manso&o.
1106 1359 1297 1437 Astumin
1312 1383 1442 1438 mona·

170 1465 276 1543 sterio
300 1463 534 1552 Lauretum,
560 1483 658 1538 anno
677 1459 820 1538 XXVII
834 1458 939 1556 regni
952 1461 1094 1537 domini
1109 1461 1218 1539 nostri
1243 1463 1370 1540 Xaroli
1383 1485 1443 1538 re·

170 1567 240 1664 gis.
265 1567 421 1664 Signum
446 1564 651 1661 Eginonis,
677 1561 741 1661 qui
761 1561 859 1638 hano
881 1563 1120 1648 donationem
1144 1563 1223 1644 fieri
1239 1564 1279 1644 δι
1302 1563 1442 1646 sumari

170 1670 325 1766 rogavit.
349 1667 595 1766 Reginbertus
607 1663 751 1764 scripsit.
1058 1789 1071 1806 Ι
1236 1761 1260 1804 x

705 1866 887 1962 DXCII.

451 2014 633 2109 Donatio
658 2013 824 2108 Albuini
846 2014 894 2140 ¹io
912 2013 1043 2104 eodem
1057 2013 1164 2107 aissa.

166 2194 220 2326 In
233 2179 364 2262 Christi
385 2184 532 2260 nomine
549 2181 613 2260 sub
626 2183 685 2260 die
699 2183 734 2260 Il
748 2182 832 2258 idus
858 2180 996 2262 Martii.
1025 2206 1122 2260 anno
1134 2181 1246 2262 XXII
1260 2185 1361 2284 regni
1377 2187 1443 2267 do·
1473 2219 1628 2307 „pm

94 2369 96 2380 ,
218 2286 312 2361 mini
334 2285 443 2362 nostri
468 2285 598 2361 Karosi
613 2285 710 2390 regie
730 2282 903 2382 gloriosi,
929 2307 999 2380 ego
1025 2282 1168 2361 Asbuin
1181 2286 1278 2364 douo
1293 2290 1343 2364 ad
1362 2291 1442 2370 san·
1629 2306 1633 2315 ’
1724 2309 1729 2320 ’

166 2389 268 2463 etum
290 2387 359 2462 Dei
385 2399 591 2483 martyrem
606 2385 811 2462 Nazarium
826 2384 897 2462 &o
925 2409 1045 2461 unum
1059 2387 1230 2463 mansum
1243 2387 1282 2466 δι
1298 2389 1333 2487 vj
1363 2391 1443 2489 jur·

166 2485 321 2584 nal.&j
344 2501 520 2588 pratum,
546 2485 788 2586 &quidquid
814 2485 1004 2584 adipsum
1030 2486 1200 2563 mansum
1221 2489 1391 2590 respicit,
1418 2519 1444 2574 a

166 2592 227 2667 die
240 2590 407 2689 praesenti
433 2589 539 2668 trado
553 2600 665 2688 atque
691 2587 913 2666 transfundo
933 2587 973 2663 in
999 2587 1069 2665 Dei
1086 2591 1235 2667 nomine
1248 2609 1442 2693 perpetua.

166 2693 255 2767 liter
269 2691 317 2767 ad
332 2689 607 2790 possidendum,
632 2689 863 2790 stipulatione
878 2677 1046 2766 susnxa.
1099 2690 1237 2770 Atium
1259 2693 1298 2770 in
1311 2717 1443 2777 mona·

168 2793 274 2869 sterio
298 2790 543 2880 Loerahom,
569 2790 682 2870 die&
696 2804 863 2890 tempore
878 2813 953 2886 quo
967 2791 1087 2892 supra;
1141 2794 1299 2892 Signum
1321 2797 1444 2878 Albu-

168 2891 241 2976 ini,
267 2888 333 2985 qui
356 2889 454 3001 hano
478 2891 715 2968 donationem
728 2891 819 2968 fecit
830 2942 843 2980 ‚
869 2889 1015 2987 signum
1039 2893 1248 2986 Emuuini,
1272 2899 1440 2980 Ratonis.

172 2987 359 3070 Rudolsus
387 2987 535 3087 sempsit.

710 3188 912 3316 DXCIII.

430 3319 612 3418 Donatio
637 3321 805 3438 ejusdem
832 3322 876 3412 in
892 3322 1025 3472 casem
1038 3323 1147 3419 villo.

168 3501 272 3631 Item
288 3511 358 3588 ego
381 3487 419 3568 in
444 3489 514 3567 Dei
535 3489 685 3568 nomine
709 3489 898 3568 Albuiuus
913 3513 980 3592 pro
1002 3492 1166 3571 remedio
1189 3491 1325 3588 animae
1343 3509 1440 3582 meae

222 3591 261 3670 δι
274 3591 462 3687 genitricis
474 3615 570 3669 meae
596 3591 807 3674 Giseshildis
829 3593 927 3669 dono
953 3595 1003 3670 ad
1019 3593 1182 3672 sonuum
1203 3596 1274 3673 Dei
1297 3613 1441 3699 marty-

168 3715 251 3769 rem
266 3693 553 3800 Nazarimnsim.
580 3718 699 3771 unum
714 3694 884 3772 mansum
898 3693 937 3772 δι
953 3697 1102 3772 vineam
1115 3695 1154 3774 δι
1166 3695 1194 3794 jj
1205 3695 1372 3794 jurnales
1392 3704 1440 3780 de

169 3805 270 3869 terra
295 3797 459 3872 oraturia
480 3797 518 3873 in
547 3797 771 3887 Ottinciaim,
798 3797 837 3872 in
851 3797 920 3874 Dei
933 3797 1082 3874 nomine
1106 3802 1367 3899 perpetualiter
1392 3807 1442 3884 ad

168 3895 445 3996 poffidendum,
470 3897 702 3998 stipulatione
719 3899 880 3976 subnixa.
907 3896 1047 3978 Attum
1058 3899 1099 3974 in
1114 3902 1332 3982 monasterio
1344 3907 1442 3984 Lau·

168 3998 304 4076 raham
318 3999 354 4079 ΙΙ
367 4021 453 4078 nou.
481 4000 575 4100 Maji
595 4025 692 4082 anno
706 4001 817 4088 XXX
830 4000 1214 4102 regnidonininotui
1237 4006 1366 4091 Xaroli
1380 4032 1438 4088 re·
1485 4029 1519 4100 6.
1531 4027 1606 4124 nep

1303 4133 1386 4211 ,μ
