4000 5417
255 556 285 608 „
310 484 441 585 m'nm
486 466 872 599 Lamntamense
903 496 936 571 a
970 468 1110 574 nobis
1142 462 1326 575 effitum
1348 469 1526 577 tol'nol

253 751 286 800 „
314 668 548 787 Germffll·
567 742 598 789 „
671 666 810 783 Quod
825 666 890 771 ad
917 664 1216 772 anunnun
1238 646 1342 801 jann
1367 668 1524 806 ipsum

257 846 470 988 attinnt,
500 869 738 1000 inprimo
759 866 1039 999 scriptormn
1070 865 1177 1006 ejus
1213 898 1368 971 rerum
1410 860 1523 971 Gen·

258 1072 420 1169 mnnae'c.
458 1080 592 1169 tomo
620 1065 737 1163 anni
790 1062 914 1164 1600
956 1059 1164 1165 secundo
1191 1066 1310 1165 loco.
1327 1092 1524 1198 compa·

256 1280 328 1365 ret
353 1294 384 1382 3,
413 1250 714 1367 Chronicum
747 1255 1143 1360 Laurishamense
1182 1291 1245 1364 ex
1265 1256 1529 1362 manuscri-

122 1418 141 1475 ⁵
258 1476 398 1593 „pto
422 1456 794 1583 membranaceo
820 1452 867 1555 ἃ
891 1456 1164 1589 pervetusto
1191 1428 1355 1561 codice
1381 1457 1526 1593 ipsius

258 1726 288 1773 „
306 1650 620 1773 monasterii,
661 1682 760 1785 quo
785 1652 933 1751 etiam
960 1647 1274 1756 denationum
1302 1654 1350 1757 ἃ
1374 1656 1524 1789 privi-

262 1922 292 1969 ,‚
311 1852 551 1977 legiorum
584 1854 690 1978 ejus
732 1845 924 1976 farrago
957 1844 1193 1949 immensa
1229 1854 1524 1975 continetur,
1682 1916 1687 1925 -

265 2116 296 2163 ‚,
315 2039 477 2163 (unde
493 2042 611 2143 liber
626 2043 942 2147 traditionum
949 2039 1225 2141 monasterii
1235 2038 1376 2141 Lorii
1381 2046 1530 2171 vulgo

185 2202 193 2225 ⁸
257 2312 289 2359 „
307 2236 558 2359 vocatur)
583 2264 705 2351 mm
735 2238 787 2337 in
820 2234 1030 2339 archivis
1058 2230 1307 2339 Palatinis
1338 2226 1535 2371 afferm-
1587 2368 1591 2374 .
1786 2313 1792 2326 ,

262 2509 292 2557 ,,
308 2410 401 2537 mn
422 2506 454 2555 ‚,
488 2424 586 2537 Sed
605 2428 653 2534 δι
673 2432 726 2537 in
752 2432 883 2533 calte
908 2428 1127 2561 ejusdem
1153 2424 1398 2551 chronici,
1426 2428 1530 2537 ase

259 2632 472 2769 pnmum
505 2625 621 2731 editi
650 2700 665 2746 ,
694 2624 933 2731 Freherus
967 2619 1216 2758 sequentia
1240 2632 1527 2731 annotavit:

251 2900 299 2959 J,
315 2823 560 2973 Hattenus
584 2825 804 2951 egregius
828 2824 909 2925 ille
936 2818 985 2925 &
1010 2851 1264 2955 nunquam
1289 2820 1403 2928 satis
1426 2829 1530 2929 lau·

265 3048 296 3143 ρ,
317 2982 460 3169 dn‘ms
476 3015 626 3120 codex
642 3015 852 3120 coenobii
877 3012 1179 3121 Lauriisenfls
1197 3024 1396 3157 optimae
1416 3015 1530 3124 iane

264 3292 297 3338 ‚,
315 3184 482 3334 nntae,
512 3210 658 3315 &iilo
684 3207 786 3348 ipso
813 3232 1034 3349 tempore
1051 3290 1065 3336 ,
1083 3218 1136 3318 in
1156 3246 1252 3349 quo
1269 3214 1530 3321 chionioon

263 3488 296 3533 ‚,
317 3409 411 3519 hoc
435 3406 637 3526 desmit,
672 3402 888 3543 scriptus.
964 3408 1242 3527 Cinonicon
1269 3407 1531 3543 sequuntur
1569 3399 1573 3408 ’
1656 3404 1660 3411 ’

263 3680 295 3726 ,,
313 3611 366 3708 in
384 3608 464 3708 ilio
480 3604 803 3709 donationum
828 3604 877 3706 &
894 3607 1223 3745 precarianun
1236 3632 1326 3739 per
1348 3606 1530 3740 pleros·

252 3802 300 3919 '„
316 3834 408 3932 que
436 3798 711 3929 Germaniae
727 3810 884 3939 ptigos
896 3796 950 3913 S.
959 3768 1169 3909 Naznrio
1185 3794 1419 3907 sanarum
1435 3800 1528 3907 for·

525 4026 530 4035 ’
1257 4076 1290 4123 ,,
1307 4004 1455 4109 mulae
