4000 5417
504 481 579 555 290
670 471 673 475 ’
946 449 1310 524 Tnanrrrortns

504 768 613 843 mut,
639 750 775 841 nudo,
800 720 1054 844 Hochbrath,
1083 753 1264 843 Erinfrit,
1290 741 1508 845 Gumbald,
1533 753 1783 851 Kuniberon,
1826 688 1827 692 ¹

503 855 885 954 Ruodolt,Rutganc‚
909 857 1105 947 Lolbreth,
1130 854 1375 954 Reginbreth,
1400 855 1441 936 dt
1454 857 1520 934 alii
1531 859 1669 960 plures.

1021 1055 1306 1152 CLXXVIII.

478 1177 482 1184 ¹
500 1147 682 1299 Dormio
700 1188 849 1278 dornim'
864 1188 1053 1319 Heinrici
1068 1189 1223 1320 comitis
1241 1192 1297 1320 ‘de
1317 1184 1526 1322 Bobellot,
1544 1191 1778 1326 quaesatio
1830 1210 1834 1226 ’

419 1425 432 1440 „
570 1307 743 1419 estamm
760 1303 914 1395 XIIII
922 1303 1085 1416 glorroſs
1101 1303 1247 1390 domem
1267 1303 1388 1416 nostra
1403 1307 1549 1402 Korolr
1568 1336 1702 1424 reges,

1015 1443 1132 1528 regne
1160 1419 1260 1530 ejus.

503 1588 560 1727 Si
576 1585 716 1684 abquid
729 1583 775 1658 de
789 1580 985 1660 substantia
999 1579 1063 1658 sua
1077 1579 1193 1657 homo
1208 1582 1256 1660 ad
1269 1579 1487 1683 stipendium
1500 1586 1687 1662 servorum
1701 1587 1773 1664 Dei

573 1685 799 1782 erogaverit,
813 1683 886 1759 hoc
898 1685 1026 1783 procul
1040 1684 1151 1760 dubio
1165 1683 1206 1760 in
1225 1698 1366 1764 aeterna
1381 1690 1673 1764 remuneratione
1685 1714 1771 1789 pro·

502 1788 703 1865 feauosum
717 1785 780 1860 fibi
797 1785 875 1860 fore
889 1784 1116 1881 cognoverit.
1167 1787 1289 1875 Quam
1305 1789 1354 1867 ob
1372 1811 1452 1866 rem
1467 1812 1537 1886 ego
1553 1788 1593 1868 in
1618 1792 1688 1866 Dei
1704 1815 1770 1868 no·

470 1908 473 1916 ’
500 1892 602 1966 mine
627 1890 867 1965 Hnrnnrcus
893 1909 1028 1964 conas
1043 1909 1110 1988 pro
1124 1890 1285 1968 remedio
1304 1892 1441 1971 animae
1454 1915 1567 1983 meae,
1592 1907 1637 1969 ut
1660 1893 1772 1971 infu-

500 2011 583 2069 tum
592 1986 732 2086 judicio
746 1989 893 2068 veniam
907 1989 1096 2087 consequI‚
1123 2005 1234 2091 atque
1247 2007 1291 2070 ut
1304 2008 1484 2074 aeternam
1509 1995 1677 2094 requiem
1692 1995 1771 2072 adi·

438 2101 447 2116 '
497 2095 582 2195 pisci
597 2114 766 2182 merear,
790 2091 892 2185 dono
904 2092 954 2166 ad
965 2091 1228 2172 monasterium
1254 2095 1363 2174 santii
1380 2097 1557 2186 Nazarii,
1583 2097 1770 2194 cognomi·

474 2216 482 2236 ”
496 2211 629 2273 natum
653 2193 879 2282 laurum,
903 2192 1013 2272 srtum
1028 2193 1135 2296 super
1156 2197 1314 2275 fluvium
1345 2197 1512 2300 Wffigoz,
1532 2199 1592 2274 ubi
1607 2200 1678 2298 ipse
1692 2198 1764 2275 mi·

494 2299 708 2375 raculorum
733 2293 844 2392 signis
870 2297 1032 2372 rutilans
1046 2297 1237 2398 requiescit
1251 2301 1290 2376 in
1315 2323 1489 2398 corpore,
1515 2301 1576 2374 vel
1595 2299 1644 2374 ad
1659 2302 1766 2376 illam

410 2456 424 2472 ..
496 2397 656 2475 santiam
670 2397 995 2495 congregationem
1015 2401 1306 2488 monachorum,
1332 2423 1417 2497 quae
1431 2400 1568 2476 ibidem
1594 2399 1673 2474 Deo
1692 2401 1763 2473 ser-

494 2501 573 2577 vire
588 2500 754 2588 videtur,
778 2498 894 2576 &ubi
916 2500 1207 2600 viryenerabilis
1222 2503 1337 2576 abbas
1363 2501 1597 2576 Helmericns
1617 2499 1762 2598 praeeffe

494 2601 732 2702 conspicitur,
757 2601 1009 2698 donatumque
1023 2603 1060 2676 in
1085 2615 1301 2701 perpetuum
1317 2600 1386 2703 elle
1402 2605 1489 2678 volo
1510 2600 1548 2678 dt
1562 2603 1760 2701 promptis·

493 2705 584 2782 srma
597 2704 787 2781 voluntate
800 2702 994 2792 confirmo,
1020 2701 1091 2778 hoc
1105 2703 1173 2791 eli,
1198 2701 1379 2802 quidquid
1393 2703 1486 2794 mihi
1501 2713 1671 2802 parentes
1685 2705 1761 2780 mei

492 2807 760 2902 in‘Rr‘nolrgowe
772 2805 812 2880 in
825 2805 917 2882 villa
941 2805 1002 2884 vel
1022 2804 1062 2880 in
1082 2827 1220 2892 marca,
1236 2827 1323 2904 quae
1336 2805 1469 2902 dicitur
1494 2801 1665 2905 debellat,
1679 2829 1760 2880 mo·

491 2909 626 2985 tientes
640 2910 893 3007 reliquerunt,
920 2907 958 2986 &
972 2929 1042 3004 ego
1057 2931 1082 2984 a
1097 2905 1277 2984 sororibus
1292 2905 1388 2982 meis
1412 2906 1453 2980 in
1472 2906 1679 3004 parentiam
1693 2907 1760 2983 he·

338 3010 350 3016 ’
488 3012 684 3089 reditatem
699 3009 842 3112 accepi,
867 3023 947 3086 tam
960 3009 1123 3109 campis,
1154 3005 1316 3097 mansis,
1342 3007 1481 3108 pratis,
1507 3006 1664 3105 pascuis,
1676 3032 1758 3107 per-

488 3113 579 3203 viis,
605 3114 730 3204 srlvis,
756 3112 889 3212 aquis,
915 3133 1171 3208 aquarumque
1196 3108 1428 3198 decurfibus,
1452 3107 1639 3197 domibuS,
1666 3111 1754 3186 aedi-

488 3214 608 3306 liciis,
634 3217 774 3303 acolis,
807 3227 907 3290 terra
931 3216 1035 3315 culta
1059 3212 1098 3291 bt
1114 3213 1276 3298 inculta,
1302 3212 1428 3288 omnia
1451 3209 1490 3288 dr
1509 3235 1556 3284 ex
1579 3211 1752 3288 omnibus

417 3405 421 3412 ¹
489 3333 612 3395 totum
627 3317 666 3396 δι
680 3317 728 3393 ad
741 3317 927 3412 integmm
944 3315 1041 3390 adIe
1049 3312 1225 3413 praesente
1251 3311 1388 3410 dejure
1402 3309 1610 3406 meoinjus
1623 3312 1662 3390 dr
1686 3311 1753 3387 do·

487 3420 729 3495 minationem
743 3418 851 3493 santii
876 3417 922 3494 N.
938 3417 1072 3506 trado,
1099 3431 1209 3515 atque
1232 3415 1446 3492 transfundo
1459 3415 1499 3490 in
1523 3415 1752 3490 Deinomine

379 3539 385 3544 ’
486 3521 745 3622 perpetualiter
759 3523 807 3595 ad
823 3517 1096 3617 poffidendum,
1122 3518 1201 3614 ita,
1225 3533 1269 3594 ut
1283 3520 1330 3596 ab
1353 3518 1424 3594 hac
1439 3517 1498 3592 die
1516 3515 1679 3592 habeant
1687 3514 1752 3612 J'us

483 3624 671 3712 habendI,
696 3622 862 3709 tenendI,
879 3621 1041 3696 donandi
1056 3675 1066 3709 ,
1092 3621 1388 3707 commuttandi,
1412 3619 1472 3696 vel
1487 3617 1664 3716 quidquid
1684 3642 1751 3694 ex-

483 3725 567 3803 inde
585 3725 706 3803 sacere
730 3721 939 3809 voluerint,
971 3723 1151 3813 liberam,
1177 3743 1222 3798 ac
1244 3720 1482 3800 firmiffimam
1502 3720 1543 3796 in
1574 3719 1748 3796 omnibus

482 3828 695 3928 potestatem
709 3838 871 3922 teneant.
897 3823 939 3898 Si
957 3826 1040 3920 quis
1056 3848 1168 3912 vero,
1195 3825 1292 3923 quod
1316 3823 1484 3900 futurum
1507 3821 1576 3900 elie
1597 3822 1749 3898 minime

370 3983 381 3994 .
485 3934 616 4019 credo,
642 3931 751 4025 srego
765 3927 867 4028 ipse,
895 3938 961 4001 aut
974 3926 1077 4001 ullus
1091 3926 1137 4002 de
1158 3920 1355 4004 heredibus
1377 3926 1471 4002 meis
1497 3925 1558 4001 vel
1576 3923 1747 4022 prohere-

482 4031 615 4121 dibus,
641 4031 703 4110 seu
717 4029 892 4132 quaelibet
905 4029 986 4107 ulla
998 4039 1176 4108 extranea
1200 4030 1353 4130 persona
1366 4043 1495 4108 contra
1512 4026 1611 4205 hatpc
1631 4027 1747 4101 dona-

608 4196 612 4201 ,
1581 4145 1693 4203 onem
1793 4197 1802 4217 ,
