4000 5417
480 481 565 556 '1u
592 497 720 553 eaeo
746 474 1125 554 Lononurtausr.
1377 505 1451 590 511

182 645 715 672 W

178 783 451 882 Lobodonensr‚
477 785 516 860 iu
541 729 846 878 Manmaeimjjj
867 778 1007 878 jumal.
1024 780 1071 856 de
1093 793 1189 858 terra
1203 725 1386 873 aramria,
1410 723 1452 860 de

176 913 294 968 unum
309 903 485 988 pratum,
511 885 609 962 unde
630 884 772 984 poliunt
793 883 920 980 colligi
931 880 971 979 jjj
1002 886 1165 961 carr-adae
1179 886 1273 975 feni,
1297 887 1379 964 haec
1404 887 1451 962 de

172 989 256 1090 jure
271 990 390 1066 nostro
414 1015 438 1067 a
459 990 516 1065 die
539 986 707 1087 praesenti
723 987 905 1062 tradimus
927 983 1039 1081 injus
1060 984 1321 1064 &dominium
1341 989 1451 1064 sandi
1559 1025 1566 1032 ·

172 1093 225 1171 N.
243 1108 355 1191 atque
376 1091 669 1168 transfundimus
684 1088 723 1164 in
747 1089 817 1166 Dei
831 1089 983 1164 nomine
1000 1089 1261 1188 perpetualiter
1286 1092 1335 1168 ad
1346 1088 1450 1190 polir-

174 1197 338 1272 dendum
365 1194 595 1294 stipulatione
617 1192 780 1268 subnixa.
834 1189 970 1266 Altum
992 1191 1032 1267 in
1056 1192 1273 1269 monasterio
1297 1194 1449 1282 Lauros·

169 1298 256 1372 ‘ham
271 1297 306 1376 V
326 1297 506 1372 kalendas
531 1295 716 1392 Septemb.
733 1317 828 1368 anno
845 1293 896 1370 Vl
922 1294 1025 1388 regni
1039 1295 1178 1370 domini
1193 1293 1304 1378 nostri
1319 1294 1448 1372 Karoli
1477 1311 1534 1383 28,
1551 1304 1640 1394 Aug.

174 1401 283 1494 regis.
336 1399 495 1495 Signum
521 1397 731 1476 Birichoois
753 1395 791 1471 dt
813 1391 980 1491 conjugis
996 1393 1102 1492 ejus,
1129 1397 1194 1494 qui
1214 1397 1312 1472 hanc
1333 1399 1447 1473 dona·

174 1501 314 1576 tionem
330 1500 513 1588 fecerunt,
539 1499 684 1596 signum
700 1495 920 1585 Albthardi,
936 1497 1137 1589 Tmtberti,
1163 1500 1353 1591 Balduini,
1368 1499 1448 1578 He·

41 1663 44 1670 ,
172 1603 323 1692 ribaldi,
349 1601 576 1692 Germundi,
602 1598 775 1698 Suutgilr.
829 1599 985 1677 Samuel
995 1600 1142 1701 scripsit.
1456 1627 1459 1632 ’

481 1903 485 1910 ,
718 1799 902 1893 DLXV.
1150 1915 1156 1922 ἢ

277 1963 280 1970 “
413 1931 595 2024 Donatio
622 1931 819 2056 Birnuiai
843 1932 1033 2022 iraeadem
1061 1933 1169 2021 ailla.

171 2107 273 2238 Ego
287 2097 326 2174 in
350 2099 419 2176 Dei
442 2098 592 2176 nomine
617 2101 828 2178 Bernuiuus
848 2115 914 2198 pro
940 2099 1253 2179 remedio'animae
1277 2100 1450 2182 Biricho·
1493 2173 1498 2179 .
1597 2144 1601 2152 ·

251 2201 310 2278 nis
323 2203 418 2278 dono
433 2204 481 2278 ad
497 2202 658 2278 santum
686 2202 819 2280 Christi
836 2217 1040 2300 martyrem
1067 2203 1347 2285 Nazariumuc.
1374 2205 1447 2286 hoc
1491 2234 1494 2240 ’

50 2301 55 2308 ’
170 2300 247 2390 esta
266 2303 304 2378 in
324 2309 423 2402 pago
448 2303 701 2384 Lobodoninse
725 2304 766 2381 in
791 2305 1037 2380 Manainhaim
1054 2303 1096 2402 jjj
1116 2304 1251 2401 jumal.
1278 2307 1325 2382 de
1347 2323 1448 2386 terra

171 2405 335 2480 araturia
344 2407 399 2482 'ad
412 2407 599 2502 integrum
608 2407 713 2482 trado
728 2405 768 2480 in
785 2406 852 2479 Dei
865 2409 1014 2482 nomine
1023 2409 1285 2505 perpetualiter
1298 2412 1347 2483 ad
1363 2431 1448 2508 pos·

170 2501 380 2594 fidendum,
398 2506 465 2594 ita,
480 2523 523 2583 ut
536 2508 709 2606 deinceps
724 2509 772 2584 ad
787 2507 903 2605 ipsum
919 2509 1043 2582 locum
1059 2508 1222 2584 santium
1236 2511 1337 2585 omni
1351 2524 1448 2585 tem·
1592 2563 1597 2568 ·

104 2609 110 2617 “
169 2629 256 2704 pore
282 2607 451 2706 proficiat
466 2609 503 2685 in
519 2610 742 2708 augmentis
768 2608 999 2708 stipulatione
1024 2611 1190 2687 subnixa.
1243 2610 1380 2687 Attum
1406 2611 1447 2688 in
1638 2699 1642 2710 ¹

171 2709 392 2786 monasterio
416 2710 630 2786 lauresham
651 2711 756 2790 Vllll
784 2713 963 2788 kalendas
990 2713 1114 2812 Ottob.
1143 2737 1242 2816 auno
1264 2715 1316 2791 Vl
1340 2714 1447 2809 regni
1478 2716 1533 2786 ἣν
1547 2695 1634 2787 ⁸²92

70 2861 78 2871 .
173 2808 312 2881 domini
335 2808 446 2882 nostri
471 2811 598 2886 Karoli
623 2813 721 2906 regis
757 2811 912 2906 gloriosi.
965 2814 1122 2910 Signum
1155 2816 1355 2902 Bernoini,
1381 2814 1447 2912 qui

171 2906 269 2982 hanc
284 2907 517 2983 donationem
534 2911 642 2996 fecit,
667 2913 811 3005 signum
838 2913 1069 3008 Sigehelmi,
1096 2917 1307 3004 Ruthardi‚
1332 2917 1447 3010 Lam?
1504 3000 1542 3008 ⁴,
1605 3003 1612 3014 ,

172 3007 287 3186 pertif
310 3007 550 3106 Reginberti,
575 3009 769 3099 Northeri,
795 3013 1026 3106 Beinhardi‚
1050 3016 1252 3095 Harimari.
1291 3017 1445 3097 Samuel

187 3109 264 3211 arip
278 3123 319 3188 rt.
1192 3141 1197 3148 ·
1489 3156 1493 3160 ·

386 3243 390 3248 '
709 3227 913 3327 DLXVI.
965 3249 991 3336 ,’
1024 3255 1030 3265 ’

302 3349 317 3419 ‘-
427 3355 608 3453 Duratio
634 3359 834 3471 Beraaioi
859 3367 901 3454 io
926 3367 1055 3455 eadam
1080 3365 1187 3456 villa.

173 3529 307 3666 Anno
319 3529 389 3607 VII
402 3527 506 3626 regni
522 3528 661 3604 domini
677 3529 789 3606 nostri
813 3533 939 3607 Karoli
955 3533 1053 3629 regis
1070 3532 1230 3636 gloriosi,
1257 3555 1328 3628 ego
1351 3533 1444 3610 Ber·

195 3688 198 3696 .
258 3631 390 3709 noiuus
416 3631 455 3710 dt
473 3629 609 3726 conjux
633 3655 717 3710 mea
742 3633 986 3714 Willisuindis
1010 3637 1193 3712 donamus
1217 3656 1284 3733 pro
1300 3636 1443 3737 animai
1598 3676 1600 3681 v

170 3757 254 3810 rum
271 3731 474 3810 nostrarum
500 3733 663 3812 remedio
678 3737 726 3813 ad
738 3737 899 3812 santium
925 3737 993 3812 Dei
1008 3751 1211 3832 martyrem
1238 3736 1442 3814 Nazatium

171 3834 242 3910 dre.
267 3859 319 3910 xv
341 3832 476 3928 jumal.
492 3838 537 3912 de
563 3852 659 3922 terra
686 3839 813 3914 arabili
830 3839 867 3914 in
892 3839 1133 3913 Manninheim
1148 3837 1186 3914 dt
1201 3839 1247 3914 de
1261 3853 1367 3937 prato
1392 3842 1442 3916 ad

147 3935 223 4034 -jjjj
245 3937 418 4013 carradas
439 3939 533 4025 feni,
559 3939 641 4016 haec
656 3965 679 4018 a
693 3941 754 4016 die
774 3940 942 4042 praesenti
963 3942 1010 4018 de
1030 3939 1113 4037 jure
1133 3939 1251 4016 nostro
1264 3937 1377 4036 injus
1392 3941 1442 4040 ¹&

169 4038 377 4118 dominium
400 4039 510 4120 santii
522 4039 569 4118 N.
595 4044 778 4132 tradimus
797 4043 838 4117 in
863 4043 931 4118 Dei
945 4043 1096 4122 nomine
1111 4044 1369 4144 perpetualiter
1393 4046 1442 4125 ad

776 4144 936 4242 v'itta
1285 4144 1387 4246 polli-
1502 4263 1505 4268 Ι
