4000 5417
571 478 673 599 Sec.
699 478 809 561 VIII
837 480 1035 561 Cancro
1062 484 1191 561 nnec
1397 508 1442 565 rr

170 698 1442 721 *W*

169 811 239 885 que
255 787 367 862 milsrs
382 784 512 861 nostris
532 784 824 881 discurrentibus3
841 785 1097 885 quicquidpro
1116 787 1364 886 oportunitate
1387 810 1445 863 ec·

168 888 365 963 cleliarum
378 890 439 963 vel
456 888 575 985 quiete
591 886 772 965 servotum
798 890 868 964 Dei
880 888 1129 977 erexerimus,
1155 890 1226 963 boc
1239 890 1346 965 nobis
1359 910 1441 989 pro-

169 992 233 1065 cul
255 990 366 1064 dubio
392 990 553 1064 Domino
577 988 774 1084 adjuvante
795 991 842 1065 ad
863 1004 1043 1075 aeternam
1067 989 1335 1067 beatitudinem
1359 1012 1441 1090 pro-

168 1090 280 1165 ficere
296 1090 535 1193 confidimus3
561 1091 673 1186 Igitur
687 1093 777 1166 dum
791 1091 915 1168 vestrae
929 1092 1084 1171 solertiae
1105 1107 1236 1169 notum
1257 1093 1325 1181 est,
1351 1090 1441 1190 quas

168 1192 256 1267 liter
274 1192 377 1287 lvnae
400 1193 661 1269 recordationis
685 1190 856 1268 dominus
889 1194 1172 1272 Rurnearrcus
1205 1194 1442 1295 archiepisco·

169 1318 238 1393 pus
253 1294 291 1369 in
305 1296 539 1383 monasterio,
566 1294 665 1392 quod
686 1307 837 1371 vocatur
859 1295 1097 1386 maresiam,
1123 1296 1224 1394 quod
1235 1297 1271 1373 ei
1284 1318 1351 1397 per
1366 1310 1441 1372 tra·

169 1396 344 1487 ditionem
369 1396 685 1477 Wrtrrswrrrnre
706 1395 745 1473 dt
770 1396 972 1474 Cnrrcmrtr
996 1400 1213 1488 obvenerat,
1240 1397 1442 1474 monacho-

170 1518 252 1571 rum
279 1512 441 1574 turmam
468 1523 542 1573 non
575 1498 762 1574 modicam
791 1511 935 1596 propter
966 1502 1151 1577 servitium
1179 1500 1442 1600 omnipotentie

171 1598 240 1673 Dei
254 1600 501 1687 coadunavit,
528 1600 592 1677 ubi
607 1601 654 1677 ob
675 1600 857 1697 integram
876 1600 1106 1677 devotionem
1125 1603 1295 1693 landum,
1306 1622 1441 1700 corpus

172 1698 362 1777 beatillimi
388 1702 536 1778 Nazari'r
551 1702 770 1789 recondidit,
799 1700 904 1799 supra
918 1704 1017 1799 quod
1029 1705 1142 1779 etlam
1155 1704 1440 1792 Gundelandum

171 1802 380 1880 monasterii
414 1804 613 1891 abbatem,
653 1818 764 1900 atque
789 1800 976 1879 haeredem
1004 1804 1044 1879 in
1065 1806 1194 1878 eodem
1217 1805 1333 1879 santio
1360 1806 1441 1878 loco

198 1900 252 1975 ost
269 1902 303 1975 se
331 1902 429 1977 visus
448 1904 498 1979 est
519 1904 693 2000 reliquisse
710 1928 719 1999 ;
747 1904 805 1979 sed
819 1903 965 2003 postea,
991 1906 1084 1979 dum
1098 1905 1270 2001 praelatus
1296 1906 1443 1978 Gunde-

171 1926 314 2077 sandus
330 2003 442 2088 abbas
456 2020 645 2093 cerneret,
662 2006 672 2079 i
676 2006 770 2104 psrus
785 2004 895 2080 santii
916 2006 987 2079 Ioci
1014 2006 1203 2079 Imminere
1219 2004 1418 2100 periculum
1434 2055 1444 2089 ,

174 2118 290 2201 atque
307 2119 513 2194 vereretur,
548 2130 594 2181 ne
614 2106 785 2183 desolatio
807 2120 958 2207 propter
980 2105 1219 2179 intentionem
1242 2104 1449 2199 iniquorum

171 2204 368 2281 hominum
382 2205 421 2282 &
441 2206 727 2303 ipfismonachis
748 2208 877 2294 fieret,
905 2208 953 2281 ad
972 2203 1133 2279 nostram
1150 2203 1244 2279 visus
1264 2204 1315 2278 est
1328 2225 1450 2278 acces·

171 2302 247 2380 fisse
270 2304 524 2403 praesentiam,
560 2309 620 2405 qui
641 2308 679 2384 dc
701 2308 819 2408 ipsum
846 2306 1108 2382 monasterium
1130 2306 1168 2379 in
1194 2328 1307 2380 manu
1328 2302 1448 2379 nostra
1519 2334 1572 2376 z..

172 2407 348 2495 tradidit,
381 2407 494 2484 etiam
520 2406 560 2485 dc
592 2410 709 2486 lecum
736 2432 887 2483 ornnem
920 2407 1243 2503 congregationem
1276 2404 1381 2480 suam
1411 2404 1448 2481 in

173 2509 447 2585 mundeburden
469 2512 528 2587 vel
543 2510 783 2589 defenfionem
805 2510 965 2587 nostram
986 2509 1133 2607 plenIus
1152 2506 1445 2597 commendavit,

174 2632 285 2707 quem
306 2634 373 2685 nos
393 2613 592 2708 gratulanti
613 2614 736 2689 animo
751 2627 830 2689 tam
846 2624 996 2712 propter
1010 2611 1187 2685 mercedis
1201 2622 1445 2707 augmentum

175 2734 289 2807 quam
304 2712 343 2789 δι
356 2736 420 2811 pro
433 2716 562 2789 eodem
581 2738 687 2811 grege
710 2714 885 2791 salvando
902 2712 966 2789 visr
983 2712 1122 2789 suimus
1144 2710 1356 2812 percepilIe3
1382 2734 1444 2810 pe·

174 2812 237 2887 tiit
255 2816 371 2887 etiarn
402 2830 624 2889 memoratus
648 2818 763 2891 abbas
792 2816 919 2913 suique
947 2815 1120 2891 monachi
1142 2815 1257 2891 talem
1292 2812 1443 2889 anobis

178 2911 489 2997 autthoritatem,
512 2924 558 2985 ut
579 2916 887 3013 quocienscunque
913 2918 1086 2992 abbatem
1103 2913 1183 3011 jam
1211 2914 1294 2991 disti
1317 2936 1444 2989 mona·

175 3013 275 3090 sterii
295 3036 344 3086 ex
365 3011 434 3085 hoc
446 3013 643 3107 contigerit
666 3012 796 3089 saeculo
812 3018 967 3111 migrare
983 3018 1031 3093 ad
1044 3018 1271 3105 Dominum,
1298 3018 1392 3091 Inter
1408 3014 1445 3091 se·

176 3136 292 3213 quem
311 3114 463 3210 dignum
479 3112 632 3195 honoris
645 3111 754 3209 hujus
767 3116 989 3207 invenerint,
1014 3120 1296 3195 unanimiterex
1315 3117 1442 3193 semet·

177 3216 261 3317 ipsrs
282 3216 414 3313 eligere
436 3216 636 3301 deberent,
660 3236 811 3311 quorum
827 3220 1041 3319 petitionem
1066 3222 1113 3296 ob
1128 3242 1293 3295 amorem
1319 3216 1441 3295 Dei&

178 3318 304 3393 nostrae
326 3316 508 3393 mercedis
529 3316 716 3392 cumulum
738 3320 969 3417 nequivaus
990 3321 1189 3415 denegare,
1213 3322 1272 3397 sed
1286 3322 1338 3395 ita
1350 3340 1442 3417 prae·
1560 3400 1564 3408 ¹

177 3418 294 3497 stitisse
302 3421 363 3495 vel
378 3420 419 3493 in
432 3415 604 3491 omnibus
617 3418 835 3497 confirmasse
849 3421 1064 3521 cognoscite.
1078 3417 1442 3521 Praecipienteseninr

173 3519 376 3617 jubemus,
402 3520 488 3615 quia
503 3518 775 3615 cognoscimuS,
802 3522 903 3617 quod
916 3520 993 3617 ipsa
1006 3524 1236 3617 congregatio
1265 3521 1329 3595 sub
1348 3518 1444 3593 reno

177 3625 304 3698 ordine
329 3619 506 3697 vivere&
525 3621 707 3717 inregula
731 3622 789 3697 Sti
815 3620 1001 3695 Benedicti
1026 3622 1228 3695 conversari
1249 3618 1444 3704 desiderat,

175 3740 223 3799 ut
237 3724 356 3797 nostro
371 3722 513 3819 quidem
528 3716 695 3822 permisso
716 3722 856 3821 semper
880 3719 1032 3819 superse
1054 3744 1101 3795 ex
1121 3720 1198 3821 ipsa
1213 3720 1449 3827 congregati·¹

177 3848 277 3911 one,
303 3823 366 3919 qui
378 3824 454 3899 Deo
468 3826 702 3924 acceptabilis
717 3824 786 3912 fit,
812 3822 947 3919 eligere
969 3824 1119 3903 valeant
1143 3822 1333 3911 abbatem,
1354 3845 1444 3921 qua·
1558 3852 1564 3862 ’

176 3940 294 4003 tenus·
302 3924 396 4000 inter
402 3926 516 4024 ipsum
531 3950 697 4024 gregem,
713 3926 801 4025 quia
816 3925 902 4001 boni
917 3924 1055 4002 ibidem
1065 3928 1445 4025 congregatiinunum

176 4032 198 4076 *
204 4040 376 4130 pertore,
402 4030 543 4125 nequIs
556 4053 603 4107 ex
629 4029 776 4111 adverso
790 4026 1147 4208 eumglitipiendum
1174 4008 1656 4209 adveniataesed*fflm’

766 4194 770 4200 ,
946 4156 967 4209 2
1192 4209 1203 4221 ,
