4000 5417
583 429 642 485 rn
667 371 796 486 rico
823 403 1114 501 Rnanuusr.
1419 416 1494 497 345

1143 560 1497 582 m

1143 615 1496 640 m

246 842 437 942 Duratio·
453 805 677 954 ngelrni
692 705 1068 947 aaiifflegni
1078 827 1288 926 Ludewicr'
1303 831 1470 946 impera·

328 1011 332 1019 ·
418 953 423 963 ’
522 993 530 1002 ·
584 950 717 1050 toris,
753 949 966 1061 Adoluugo
991 947 1143 1066 abbate.
1211 963 1215 974 '
1418 975 1461 1026 Α

223 1136 277 1266 In
297 1121 430 1201 Christi
452 1118 627 1222 nomine,
661 1139 732 1212 ego
748 1113 985 1210 Wighelmus
1008 1139 1072 1213 pro
1095 1113 1256 1192 remedio
1280 1113 1432 1198 animae,
1459 1105 1512 1200 &j

277 1225 444 1322 conjugis
457 1231 553 1300 meae
575 1216 753 1315 Eugeniae
767 1216 863 1290 dono
885 1215 932 1290 ad
947 1217 1106 1294 santium
1123 1219 1192 1293 Dei
1205 1228 1410 1311 martyrem
1420 1210 1498 1286 Na·

130 1397 147 1424 ,
226 1329 389 1414 zarium,
423 1326 486 1423 qui
510 1321 705 1420 requiescit
725 1318 766 1392 in
789 1339 939 1415 corpore
966 1319 1005 1392 in
1032 1313 1498 1399 montemmaranum,

226 1429 408 1527 quidquid
423 1450 493 1524 ego
508 1421 698 1520 &conjux
714 1443 799 1496 mea
813 1418 982 1514 Eugenia
996 1419 1036 1496 in
1051 1422 1144 1498 villa
1157 1417 1364 1524 Rufinsheim
1386 1415 1500 1490 habe·

226 1554 313 1608 mus
336 1527 570 1630 propietatis,
604 1539 685 1604 tam
706 1519 861 1609 mansis,
887 1521 1012 1610 terris,
1034 1524 1167 1621 pratis,
1196 1521 1353 1622 pascuis,
1382 1517 1500 1605 silvis,
1633 1579 1637 1586 .

228 1632 356 1708 omnia
378 1631 418 1708 &
431 1654 480 1705 ex
495 1628 666 1704 omnibus
688 1623 786 1701 adie
806 1621 984 1721 praesente
1005 1623 1116 1698 trado
1133 1637 1245 1717 atque
1266 1619 1503 1706 transfundo,

229 1731 274 1812 ὅ
296 1735 430 1829 reliqua
451 1733 566 1806 omnia
586 1741 627 1802 ar
651 1725 768 1826 supra
789 1746 915 1819 usque:
949 1721 1085 1797 Attum
1107 1724 1171 1798 sub
1195 1723 1302 1799 dieV
1326 1721 1505 1796 kalendas
1537 1749 1593 1817 28·
1607 1738 1694 1826 Aug,

165 1905 177 1920 ,
230 1833 474 1933 Septembris,
524 1831 681 1925 Signum
697 1823 921 1920 Wigheimi,
957 1822 1024 1919 qui
1039 1825 1135 1898 hanc
1149 1822 1384 1898 donationem
1399 1821 1506 1907 fecit,
1590 1909 1595 1916 .

229 1935 374 2030 siguum
388 1931 644 2028 Reginhelmi,
671 1927 856 2022 Rutwig,
883 1925 1131 2013 Erbiuuardi,
1158 1924 1367 2011 Gundoldi,
1396 1920 1508 1998 Altu-

231 2037 330 2122 uini,
354 2033 596 2122 Berthuuini‚
622 2027 856 2118 Heidanrici,
882 2026 1093 2118 Cuniberti,
1120 2025 1334 2124 Wighurdi,
1359 2022 1399 2102 δι
1414 2033 1512 2100 cete«

232 2157 361 2216 rorum
381 2135 490 2236 supra
509 2133 742 2234 scriptonim.
793 2128 801 2140 ’

279 2456 461 2581 Duratio
480 2481 677 2582 Richelmr'
702 2477 745 2570 iu
765 2349 1040 2582 infimitas,
1069 2508 1172 2568 anno
1192 2479 1244 2574 V
1261 2416 1472 2571 Ludomr'ci

513 2607 518 2612 ’
571 2595 778 2715 junioris,
807 2597 984 2686 Samuele
1010 2597 1168 2684 abbata

236 2765 358 2901 Licet
370 2761 538 2861 parva&
552 2765 691 2860 exigua
705 2761 793 2852 sint,
818 2787 902 2861 quae
922 2785 990 2864 pro
1012 2760 1183 2839 inmensis
1197 2749 1363 2861 peccatis
1382 2757 1514 2837 nostris

313 2861 456 2937 Christo
476 2860 684 2947 offerimus,
704 2875 837 2958 ,tamen
849 2865 934 2960 pius
948 2865 1130 2938 Dominus
1144 2863 1260 2938 noster
1273 2889 1348 2940 non
1363 2861 1513 2959 quanti·

160 2963 163 2970 ’
237 2975 358 3042 tatem
376 2958 562 3043 muneris,
587 2959 648 3032 sed
661 2980 726 3032 cor
747 2959 1104 3059 inspicitofferentis,
1126 2963 1191 3060 qui
1205 2959 1312 3052 dicit,
1337 2965 1422 3040 date
1439 2963 1514 3039 ele·

238 3063 436 3150 mosmam,
462 3059 501 3138 dr
522 3061 648 3134 omnia
664 3062 806 3138 munda
834 3061 918 3140 sunt
940 3065 1056 3142 vobis
1083 3145 1085 3152 ,
1118 3066 1257 3142 Idcirco
1278 3089 1348 3162 ego
1363 3064 1514 3143 Richel-

237 3190 326 3244 mus
349 3164 519 3261 cogitans
540 3162 585 3236 de
603 3161 734 3238 thnore
749 3164 837 3253 Dei,
864 3167 924 3242 vel
939 3180 1078 3245 aeterna
1100 3167 1357 3256 retributione,
1383 3181 1426 3244 ut
1448 3188 1513 3240 ve-

238 3271 342 3347 niam
365 3269 410 3343 de
424 3263 584 3366 peccatis
598 3262 692 3338 meis
706 3268 817 3364 ‘apud
832 3267 1034 3346 Dominum
1057 3269 1207 3368 adipisci
1221 3270 1389 3357 valeam,
1413 3268 1512 3341 dono

238 3371 290 3447 ad
310 3369 471 3445 santium
484 3365 554 3442 Dei
568 3377 773 3462 martyrem
787 3367 835 3443 N.
853 3369 915 3465 qui
929 3371 1120 3465 requiescit
1134 3373 1171 3446 in
1184 3392 1334 3470 corpore
1356 3371 1395 3442 in
1415 3389 1512 3466 pago

240 3470 407 3558 Rinensr,
421 3471 461 3546 in
476 3467 691 3544 monasterio
700 3467 953 3558 Lauresham,
969 3472 1035 3547 fito
1049 3471 1152 3569 super
1164 3471 1320 3548 fluvium
1333 3469 1515 3554 Wisscoz,

240 3567 308 3646 ubi
327 3570 482 3669 pretiosa
502 3569 739 3668 congregatio
763 3568 1031 3646 monachorum
1059 3572 1119 3645 die
1140 3572 1318 3666 noctuque
1339 3565 1516 3644 deservire
1643 3631 1647 3636 .

241 3669 388 3746 videtur
406 3671 583 3760 Domino,
610 3671 649 3749 &
669 3671 823 3750 Samuel
843 3669 1030 3770 episcopus
1055 3670 1094 3748 &
1118 3672 1214 3748 abba
1236 3667 1380 3768 praeeffe
1400 3667 1517 3746 diuos·

243 3774 358 3861 citur,
383 3773 636 3870 donatumque
657 3777 696 3851 in
716 3787 936 3874 perpetuum
958 3772 1027 3849 effe
1052 3775 1162 3860 volo,
1188 3771 1227 3848 δι
1254 3771 1518 3872 promptissima

242 3876 436 3952 voluntate
457 3872 659 3964 confirmo,
676 3877 767 3951 *hoc
788 3875 857 3965 est,
882 3897 963 3953 rem
985 3899 1111 3953 meam
1133 3875 1173 3949 in
1192 3874 1284 3950 villa
1305 3886 1518 3974 nuncupata
1563 3945 1565 3952 .

241 3975 466 4082 Bafinshoim
492 3974 872 4162 quidquidineader}
883 4001 1010 4059 marca
1021 3977 1256 4082 proprietatis
1268 3975 1406 4158 habere
1421 3972 1518 4055 visus

885 4106 914 4161 rr
1381 4103 1462 4172 um,
