4000 5417
562 503 614 580 44
934 472 1122 552 Cunou.
1145 491 1211 552 ur
1236 473 1452 552 cmm

562 696 738 716 m

519 771 525 813 ⁵
562 780 610 867 or
639 801 755 865 tanta
789 771 1122 890 negotiasolns,
1148 775 1345 861 tamensi
1373 775 1475 888 quid
1502 774 1734 867 voluntatis
1762 812 1834 869 ve·

563 894 658 979 strae
696 912 958 1005 compertum
986 888 1205 990 haberem,
1234 886 1402 976 servitia
1431 890 1565 976 vestra
1590 891 1717 1006 digno
1734 893 1833 981 fuis·

563 1004 653 1094 sem
680 1000 920 1121 prosecutus
957 1000 1128 1088 honore.
1184 1000 1346 1093 Verum
1370 1031 1424 1086 ne
1451 1032 1531 1090 vos
1566 1004 1730 1092 diutino
1753 1004 1832 1093 ser·

504 1139 510 1159 ‘
565 1148 691 1205 mone
720 1115 988 1232 protraham,
1014 1116 1300 1230 quaerimoniis
1324 1115 1469 1203 vestris
1497 1115 1738 1233 amplissima
1761 1120 1833 1215 do

439 1332 445 1343 ι
564 1238 732 1317 natione
751 1226 1027 1328 satisfaciam,
1056 1226 1101 1315 dt
1126 1248 1175 1311 ut
1200 1256 1280 1315 vos
1298 1232 1427 1313 etiam
1452 1226 1617 1313 fidelem
1636 1231 1754 1336 mihi,
1783 1258 1832 1320 ut

564 1348 694 1461 prius
714 1343 757 1431 dt
784 1337 1036 1450 benevolum
1045 1337 1217 1539 posthac
1244 1335 1447 1443 sentiam,
1474 1343 1555 1453 juri
1572 1343 1706 1429 vestro
1729 1374 1832 1461 nup

553 1482 669 1545 tum.
687 1455 854 1541 tradam
879 1481 1020 1538 meam
1061 1451 1204 1558 iliam,
1250 1455 1430 1542 vestram
1452 1451 1602 1543 scilicet
1666 1462 1833 1544 ortatri·
1981 1511 1985 1542 .

562 1598 679 1670 nem,
699 1597 795 1683 quae
823 1564 1073 1680 quandoque
1101 1562 1185 1651 alte
1211 1561 1444 1669 succinda,
1471 1483 1665 1657 vestraed

566 1685 639 1767 oni
654 1678 753 1768 satis
770 1678 810 1765 se
828 1681 1082 1793 morigeram
1097 1675 1303 1770 exhibuit.
1332 1681 1531 1769 Protinus
1550 1682 1601 1767 ad
1619 1684 1727 1795 regis
1743 1682 1830 1769 edi·

566 1792 682 1882 dium
699 1792 795 1879 bum
824 1789 958 1877 multo
983 1793 1189 1878 coniitatu
1214 1792 1465 1881 addutiaest
1493 1795 1583 1905 ejus
1603 1792 1704 1896 filia,
1730 1823 1830 1909 quoe

563 1903 683 1993 roseo
701 1903 880 1992 multum
899 1901 1061 2020 perfusa
1078 1906 1230 1991 rubore
1254 1906 1408 1992 tradita
1435 1907 1493 1993 est
1507 1935 1582 2024 per
1596 1935 1745 1995 manus
1761 1936 1829 2024 pa·

544 2024 642 2107 ‘tris
658 2023 700 2104 in
710 2047 858 2105 manus
875 2015 1064 2133 praeditii
1071 2015 1287 2123 Einhardi‚
1301 2046 1399 2106 cum
1415 2021 1515 2107 dote
1524 2017 1715 2135 plurima,
1724 2050 1828 2136 prae

421 2222 423 2227 ,
560 2134 730 2219 diorum
758 2159 927 2245 quoque
954 2128 1280 2236 nonnullorum,
1308 2161 1406 2219 cum
1434 2136 1663 2219 innumeris
1691 2139 1829 2221 aureis
1985 2225 1986 2234 ,

563 2246 855 2359 argenteisque
884 2243 1096 2347 donariiS,
1121 2241 1295 2358 aliisque
1322 2245 1507 2362 pretiosis
1533 2239 1829 2357 supellediibili-
1856 2248 1875 2281 ‘

565 2361 665 2456 bus,
684 2358 834 2469 quibus
852 2357 1193 2555 etiampiissimus
1213 2360 1440 2555 imperator
1466 2354 1720 2445 Ludowicus
1737 2359 1829 2471 post

563 2472 726 2557 obitum
744 2469 875 2582 patris
893 2496 980 2583 prae
1012 2474 1051 2555 ia
1068 2466 1163 2572 sua,
1180 2471 1278 2557 vide
1293 2474 1374 2555 icet
1399 2465 1722 2577 Michleostattbt
1738 2469 1828 2558 Ma·

415 2687 418 2695 .
562 2579 751 2683 larheim,
798 2607 895 2694 quae
930 2609 1041 2668 nunc
1068 2581 1298 2700 appellatur
1324 2580 1606 2693 Seligenstatt,
1634 2582 1827 2687 tradidit,

561 2718 659 2819 cum
676 2690 916 2805 hujusmodi
931 2695 1168 2783 donationis
1195 2692 1425 2813 privilegio.
1637 2763 1641 2775 .

406 3138 409 3144 .
556 2992 561 3001 ἲ
646 3042 824 3134 Duratio
853 2908 1380 3161 Luaoroicipidzbihtarao
1395 3044 1435 3130 in
1455 3042 1742 3166 Michlenstutt.

560 3218 611 3349 In
624 3214 771 3289 nomine
780 3215 928 3291 Domini
937 3213 1005 3313 Dei
1019 3210 1276 3290 &Salvatoris
1290 3208 1830 3312 nostriJesuChristi.·Luoow1·

611 3336 681 3389 cus
697 3314 822 3392 divina
836 3319 1025 3392 ordinante
1038 3314 1268 3415 providentia
1283 3314 1479 3413 imperator
1492 3309 1687 3408 Augustus.
1704 3310 1829 3408 Impe-

558 3414 705 3492 ratoriae
721 3417 922 3495 celsitudini
929 3420 1043 3499 moris
1051 3412 1263 3493 estfideiiter
1275 3414 1340 3491 fibi
1354 3416 1575 3491 famulantes
1586 3412 1689 3487 donis
1696 3413 1827 3488 multi-

552 3515 717 3615 plicibus
734 3531 844 3615 atque
857 3520 1037 3597 honorare
1053 3532 1166 3617 atque
1181 3518 1380 3592 honoribus
1394 3515 1604 3613 ingentibus
1618 3514 1828 3590 sublimare.

556 3618 713 3694 Proinde
727 3644 793 3695 nos
800 3639 940 3698 morem
953 3636 1147 3723 parentum
1161 3619 1375 3708 nostrorum,
1390 3635 1533 3714 regma,
1548 3617 1719 3693 videlicet
1731 3637 1831 3716 prae·

556 3720 997 3812 decetsorumnostrorum,
1006 3723 1195 3821 sequentes
1209 3721 1317 3798 libuit
1330 3709 1829 3797 celsrmdiuinostraefidelem

555 3823 738 3918 quendam
746 3823 905 3900 nostrum
913 3827 1059 3902 nornine
1065 3828 1327 3900 Eruuaaount
1343 3823 1389 3898 de
1395 3822 1737 3925 quibusdamrebus
1743 3844 1829 3920 pro·

466 3940 479 3955 ⁸
554 3924 720 4020 prietatis
736 3925 868 4004 nostrae
880 3926 1077 4011 honorare,
1092 3938 1202 4022 atque
1216 3923 1313 3999 insui
1325 3922 1420 4020 juris
1432 3922 1649 4027 potestatem
1666 3924 1829 3999 liberali·

558 4025 1168 4139 tatisnostrae,gratiacouferre‚nec
1176 4026 1374 4118 immerito,
1383 4026 1516 4132 quippe
1529 4020 1830 4141 cum&f1deiitq-

1306 4148 1312 4159 ’
1371 4142 1379 4157 “
1587 4162 1594 4168 ·
1721 4139 1774 4200 tls

1649 1569 1832 1656 ubvedti·
1980 1637 1984 1646 .
