4000 5417
192 742 306 806 meae,
332 712 371 793 dt
388 738 454 815 pro
468 712 593 810 requie
609 712 744 793 animae
758 708 925 807 conjugis
941 732 1039 786 meae
1052 710 1196 785 Herniu
1208 712 1305 785 dono
1320 712 1368 787 ad
1380 694 1473 789 saa-¹

192 824 291 897 tinm
316 818 386 895 Dei
400 828 605 911 martyrem
626 810 675 889 N.
693 814 759 911 qui
782 812 974 911 requiescit
993 812 1033 886 in
1047 828 1196 909 corpore
1221 812 1260 887 in
1272 834 1368 911 pago
1392 814 1458 891 Ri·
1565 855 1570 866 ,
1697 842 1703 857 ¹

190 922 316 1008 nenfi,
341 920 381 993 in
407 914 648 1003 monasterio,
674 914 772 1013 quod
793 928 948 991 vocatur
972 912 1231 1002 Lauresham,
1264 914 1369 1012 super
1390 915 1458 989 flu·

191 1025 296 1101 vium
312 1017 467 1102 Wiisooz
481 1016 566 1105 fito,
592 1015 655 1091 ubi
668 1016 727 1091 vir
750 1014 971 1093 venerabilis
996 1015 1231 1091 Helmericus
1253 1012 1348 1094 abba
1363 1039 1459 1115 prae·

192 1124 261 1201 effe
275 1123 448 1209 videtur,
471 1118 722 1215 donatumque
737 1115 777 1193 in
803 1132 1022 1217 perpetuum
1036 1114 1106 1190 effe
1129 1118 1244 1205 voto,
1268 1116 1309 1192 in
1341 1118 1459 1191 Haut-

184 1224 390 1327 scuheshaim
402 1220 417 1319 j
431 1220 608 1321 petiolam
621 1221 667 1294 de
682 1216 809 1293 manso
824 1242 847 1294 a
862 1218 921 1294 die
947 1217 1124 1316 praesente
1140 1217 1179 1296 δι
1191 1219 1387 1317 deinceps,
1413 1230 1462 1295 ut·

193 1328 241 1404 ad
255 1326 372 1424 ipsum
385 1323 545 1398 sanetum
566 1323 691 1396 locum
706 1319 766 1395 vel
780 1320 829 1394 ad
854 1333 1008 1416 agentes
1029 1317 1139 1417 ipsius
1158 1322 1259 1406 omni
1291 1336 1460 1418 tempore

190 1426 411 1529 proficiatin
436 1422 647 1519 augmentis
667 1420 824 1519 stipulat.
848 1422 1015 1497 subnixa.
1067 1418 1204 1496 Atium
1220 1424 1259 1497 in
1278 1420 1459 1498 monaste·
1520 1436 1529 1455 ⁴

189 1532 247 1607 rio
270 1526 484 1605 tauream
505 1526 558 1603 VI
582 1523 667 1601 idus
691 1521 791 1624 Julii.
843 1522 1003 1619 Signum
1035 1522 1241 1611 Hucberfi,
1275 1524 1338 1620 qui
1360 1524 1460 1599 hanc
1502 1538 1556 1589 10·
1572 1520 1639 1598 Jul.

189 1632 428 1711 donationem
442 1626 554 1714 fecit,
581 1624 644 1721 fig.
671 1622 856 1715 Heilradi,
882 1620 1118 1711 Erkanfridi‚
1142 1623 1316 1713 Ratfridi,
1342 1627 1460 1703 Udal·

189 1733 316 1811 uuani.
367 1730 450 1825 Ego
463 1726 673 1805 (trinarius
685 1722 818 1826 scripsi.
1127 1774 1131 1779 ν

689 1926 981 2021 CCCXLVII.

85 2094 90 2101 ·
183 2043 592 2161 Donatio'Hacberta'
603 2058 657 2157 fd
685 2044 914 2147 Salmonei
940 2083 1044 2143 aaoo
1059 2052 1164 2147 XX
1180 2057 1301 2171 regni
1313 2011 1462 2149 domiai

417 2170 565 2263 Karoli
602 2170 771 2283 magati,
800 2164 1052 2263 Ricaboaone
1080 2170 1232 2256 abbate.

184 2348 288 2477 Ego
304 2336 518 2413 Hucbertu's
532 2332 571 2412 aa
595 2335 845 2413 Salemarmus
860 2335 1042 2411 donamus
1055 2358 1124 2435 pro
1139 2335 1303 2411 remedio
1324 2335 1465 2432 mimae

263 2436 474 2525 Ruothohi,
500 2436 549 2513 ad
564 2436 825 2514 monasterium
841 2436 950 2512 santii
963 2438 997 2513 N
1001 2436 1113 2513 azarii
1125 2438 1273 2512 nomine
1299 2438 1460 2517 Laures·

183 2540 302 2631 ham,
328 2541 391 2618 ubi
406 2538 481 2639 ipse
506 2536 682 2638 pretiosus
705 2537 904 2636 martyrin
930 2560 1079 2638 corpore
1100 2535 1307 2635 requiescit,
1333 2540 1395 2614 vel
1409 2539 1461 2615 ad

185 2643 272 2721 illos
295 2643 417 2719 servos
442 2640 537 2729 Dei,
564 2641 628 2739 qni
650 2638 787 2717 ibidem
813 2640 897 2716 Dno
923 2638 1057 2717 servire
1079 2638 1275 2728 nidenan,
1306 2639 1373 2715 ubi
1398 2641 1460 2717 vit

185 2742 406 2821 venerabilis
430 2740 664 2817 Helmericus
680 2743 778 2819 abba
791 2740 938 2839 praeeffe
959 2730 1178 2831 diiioscitur,
1205 2743 1459 2839 donatumque

49 2908 97 2929 ’“
186 2838 563 3029 {diffidi}
576 2840 1459 3041 Viudssi’ti‘oii⁰iipii„isidiiiitinssiii
1610 2896 1620 2913 ’

183 3041 314 3141 jadie
327 3037 504 3141 praesente
527 3036 573 3113 de
585 3031 668 3131 jure
692 3036 812 3114 nostro
831 3038 871 3117 in
891 3038 954 3137 jus
975 3040 1322 3120 &dominationem
1348 3045 1458 3123 sanffl

186 3142 340 3222 Nazatii
357 3138 544 3237 ¹tradimus
571 3151 681 3235 atque
707 3139 1003 3218 transfundimus
1012 3144 1057 3221 ‘in
1082 3146 1152 3219 Dei
1165 3147 1314 3221 nomine
1330 3170 1459 3246 perpe·

187 3246 338 3323 tualiter
354 3245 402 3321 ad
415 3238 663 3343 poffidendum
676 3237 908 3340 stipulatione
924 3244 1093 3322 subnixa.
1119 3244 1257 3322 Atium
1271 3249 1310 3323 in
1325 3271 1458 3323 mona·

186 3348 291 3426 sterio
315 3344 530 3423 lauram
553 3340 734 3417 kalendas
747 3344 847 3442 Julii.
898 3346 1054 3441 Signum
1087 3347 1268 3424 Hucberti
1289 3348 1328 3423 dc
1353 3350 1459 3423 Sale-
1518 3398 1551 3447 1,
1561 3380 1632 3455 jul,

186 3450 335 3536 mamni,
360 3447 426 3545 qni
440 3446 538 3523 hanc
551 3444 788 3520 donationem
811 3445 977 3521 fecerunt
990 3478 1005 3533 ‚·
1027 3446 1170 3543 tignum
1196 3446 1351 3536 Eriolfi,
1377 3448 1459 3527 Wi-

186 3548 560 3750 gepbsFatptfnannn
583 3544 796 3634 Wolfberti.
830 3547 914 3643 Ego
928 3548 1155 3626 Gerwatdus
1174 3545 1458 3648 rogatussctipst

266 3672 292 3724 u
329 3670 382 3727 cn
421 3672 449 3727 ι,
1117 3673 1121 3679 ·

1093 4022 1401 4129 cccmvn
1498 4153 1500 4158 .
