4000 5417
505 401 1002 487 Sne.·xl1He1n11co
1028 351 1235 488 vm&
1437 433 1516 515 229

245 559 981 612 -q-—n———ffl--d-

170 744 174 755 ·
245 713 369 890 Asti
399 707 539 794 ulatur
565 704 632 792 his
659 659 951 837 nichilominus
980 705 1149 838 epistola
1172 712 1241 796 'ad
1258 696 1412 831 pappm
1438 711 1517 803 Pa.

368 817 571 908 chalema
600 813 809 933 praedrsirs
834 816 1033 907 sratnbus
1059 819 1228 913 diresia.
1297 942 1300 949 ι

798 1069 968 1167 CXLII.
1025 1063 1028 1070 ’

303 1240 482 1376 Epistola
509 1234 930 1346 Loureslrommenfium
958 1241 1017 1327 ool
1028 1267 1185 1358 popam
1205 1241 1258 1340 ss
1285 1240 1455 1360 impera·

811 1361 946 1438 torem.

241 1515 484 1662 Sanoiffnno‘
499 1512 819 1622 apostolicaesedis
841 1513 1005 1617 pontifici
1028 1483 1249 1611 Pnscnau,
1273 1521 1313 1601 ἀ
1333 1526 1516 1622 gloriosu-

314 1623 404 1700 fimo
418 1627 674 1702 Romanorum
689 1619 769 1716 regi
795 1621 1039 1711 Hurunrco,
1066 1647 1108 1700 ac
1130 1624 1271 1700 cunetis
1295 1629 1515 1723 primatibus

242 1726 378 1822 regni,
410 1726 561 1824 pusillus
586 1747 676 1821 grex
709 1721 819 1798 sensti
845 1722 1006 1798 Nazarii.
1058 1723 1156 1809 Quia
1188 1724 1326 1821 semper
1351 1752 1439 1804 cura
1463 1729 1514 1806 est

242 1825 367 1926 sponso
393 1825 527 1900 coelesti
554 1827 598 1900 de
615 1822 741 1922 sponsa
760 1823 851 1916 lua,
879 1822 1188 1911 lassantem,
1214 1846 1327 1919 quam
1341 1825 1517 1920 sanguine

242 1929 308 2018 suo
322 1927 496 2013 redemit,
523 1929 633 2022 longew
647 1925 810 2000 multum
825 1923 952 2000 salutis
966 1924 1087 1999 eidem
1102 1924 1270 2010 contulit,
1286 1929 1431 2023 quando
1445 1951 1522 2004 vos

242 2029 403 2104 vicarios
419 2026 482 2102 sibi
501 2027 675 2124 praefecit.
703 2025 976 2102 Peccatisenim
990 2024 1122 2100 nostris
1136 2025 1381 2120 exigentibus,
1396 2050 1516 2104 mem·

241 2129 309 2205 bra
325 2127 458 2226 ipsius,
484 2129 618 2204 scilicet
633 2127 762 2203 matris
779 2126 910 2204 nostrae
935 2127 1064 2222 Syon,
1089 2126 1351 2202 haereticorum
1376 2127 1416 2204 δι
1431 2129 1518 2204 scis-
1643 2126 1645 2129 ’

240 2228 463 2310 maticorum
477 2230 573 2304 livor
593 2228 675 2324 jam
690 2250 755 2326 per
770 2231 911 2304 multos
926 2251 1044 2303 annos
1059 2227 1264 2325 plurimum
1277 2227 1414 2304 infecit
1441 2229 1517 2306 Sed

239 2329 359 2430 gratia
382 2328 509 2405 divina
534 2331 656 2426 magis
676 2353 720 2404 ac
748 2330 870 2425 magis
890 2353 939 2404 ex
966 2328 1144 2404 mellifluo
1169 2350 1232 2405 ore
1265 2329 1382 2416 vestro
1403 2329 1518 2406 distil-

123 2528 128 2535 ‚
218 2431 366 2518 laute,
392 2430 577 2528 speramus
592 2447 705 2532 caput
730 2429 894 2506 nostrum
910 2431 956 2506 de
983 2431 1077 2505 coelo
1090 2428 1307 2529 respexisse,
1331 2447 1375 2508 ut
1391 2433 1517 2511 videat

238 2533 404 2608 dolorem
436 2535 691 2611 membrorum
704 2530 872 2621 suorum,
888 2531 938 2606 ad
958 2531 993 2606 se
1014 2532 1060 2607 de
1075 2531 1190 2608 variis
1215 2532 1517 2634 tribulationibus
1556 2591 1567 2601 .

239 2635 389 2710 cottidie
404 2635 660 2712 clamantium.
713 2633 840 2730 Hujus
855 2633 909 2708 rei
927 2633 1068 2730 gratia,
1094 2632 1214 2733 pastor
1229 2636 1349 2723 alme,
1374 2634 1519 2710 flebiles

238 2757 365 2833 preces
414 2736 647 2812 rosternimus
663 2749 748 2812 ante
773 2737 909 2812 faciem
923 2735 1082 2812 vestram
1096 2736 1135 2814 ἃ
1150 2736 1264 2812 totius
1277 2738 1390 2833 regni,
1405 2759 1517 2814 oran·

239 2849 298 2909 tes
311 2835 351 2908 &
424 2848 635 2942 precantes,
661 2833 838 2930 quatinus
852 2838 1183 2934 proclamationem
1204 2838 1363 2914 nostram
1385 2839 1515 2916 audia-

217 2971 220 2974 ·
240 2933 317 3020 tis,
343 2928 382 3004 ἀ
397 2931 522 3004 audita
534 2931 673 3022 Justurn
690 2932 871 3025 judicium
887 2957 935 3008 ex
950 2960 995 3012 ea
1020 2938 1181 3015 faciatis.
1233 2940 1349 3036 Igitur
1371 2940 1514 3016 inn'ote·

241 3032 319 3109 scat
333 3029 485 3107 auribus
501 3027 628 3106 vestris
641 3029 690 3108 δι,
706 3034 844 3110 cunstis
860 3037 1101 3132 optimatibus
1126 3039 1256 3137 regni,
1283 3041 1382 3140 quod
1401 3041 1515 3119 Caro·
1621 3122 1625 3132 ,

242 3135 303 3211 lus
320 3156 479 3230 magnus
504 3145 669 3228 tempore
692 3131 743 3212 sui
770 3135 912 3234 imperii
933 3139 1057 3216 locum
1084 3142 1245 3218 nostrum
1271 3145 1372 3239 regia
1393 3144 1514 3240 digni·
1581 3137 1586 3144 ’
1611 3162 1615 3169 ¹

170 3243 174 3252 '
241 3247 319 3314 tate
336 3235 574 3321 sublimavit,
600 3231 639 3307 δι
655 3235 784 3310 multis
800 3242 1027 3316 ornamentis
1041 3243 1306 3342 amplificavit,
1332 3244 1371 3320 br
1386 3245 1425 3317 in
1445 3247 1515 3317 ho·

243 3361 330 3416 nore
347 3337 593 3436 apostolorum
619 3333 776 3412 Petri&
799 3341 906 3414 Pauli
931 3344 1183 3423 consecratum
1199 3347 1248 3419 ad
1273 3348 1384 3420 decus
1399 3345 1517 3417 totius

241 3442 345 3537 regni
361 3441 517 3516 liberum
543 3437 619 3512 sore
636 3437 820 3535 permisit,
847 3438 885 3514 &
900 3444 947 3515 ad
962 3445 1251 3520 confirmandam
1264 3447 1361 3521 hanc
1386 3442 1516 3516 consti-

241 3545 427 3618 tutionem
453 3538 746 3636 subscriptionem
769 3538 822 3614 lui
847 3542 1007 3618 nominis
1029 3545 1119 3630 inibi
1143 3547 1238 3620 fecit
1290 3543 1412 3638 Atqui
1426 3565 1516 3619 vero

240 3643 319 3742 post
334 3666 421 3718 eum
454 3641 613 3719 nonfuit
635 3665 727 3730 rex,
755 3664 874 3739 neque
887 3643 1110 3742 imperator,
1137 3665 1258 3739 neque
1280 3643 1415 3738 aliquis
1440 3644 1517 3718 Ro·
1657 3658 1660 3670 ·

242 3765 378 3818 manus
391 3743 578 3841 pontifex,
604 3767 724 3843 usque
740 3747 787 3822 ad
803 3745 884 3826 naec,
910 3757 1101 3846 tempora,
1127 3767 1286 3843 quorum
1301 3743 1515 3822 austorita'te

242 3842 438 3942 privilegia
453 3845 631 3921 libertatis
652 3872 725 3922 non
740 3846 961 3944 accepimus.
1014 3847 1088 3925 Sed
1102 3847 1177 3924 heu
1190 3847 1273 3924 haec
1287 3847 1515 3924 omniatem·

241 3968 329 4046 pore
342 3945 490 4026 instanti
512 3946 595 4026 sunt
610 3946 1152 4129 contemptalpcfanmchilata,
1176 3948 1349 4049 aquibus
1361 3948 1515 4028 minime
1749 3974 1754 3982 ·

369 4062 373 4071 ’
916 4075 940 4146 3
1342 4051 1461 4143 ficut,
1646 4137 1653 4148 .
