<?xml version="1.0" encoding="UTF-8"?>
<!DOCTYPE html PUBLIC "-//W3C//DTD XHTML 1.0 Transitional//EN"
    "http://www.w3.org/TR/xhtml1/DTD/xhtml1-transitional.dtd">
<html xmlns="http://www.w3.org/1999/xhtml" xml:lang="en" lang="en">
 <head>
  <title>
</title>
<meta http-equiv="Content-Type" content="text/html;charset=utf-8" />
  <meta name='ocr-system' content='tesseract 3.04.00' />
  <meta name='ocr-capabilities' content='ocr_page ocr_carea ocr_par ocr_line ocrx_word'/>
</head>
<body>
  <div class='ocr_page' id='page_1' title='image "./codexprincipiso00egyegoog_0194.png"; bbox 0 0 4000 5417; ppageno 0'>
   <div class='ocr_carea' id='block_1_1' title="bbox 543 415 1434 557">
    <p class='ocr_par' dir='ltr' id='par_1_1' title="bbox 543 415 1434 557">
     <span class='ocr_line' id='line_1_1' title="bbox 543 415 1434 557; baseline -0.019 -20"><span class='ocrx_word' id='word_1_1' title='bbox 543 468 612 556; x_wconf 82' lang='lat'><strong>15⁶</strong></span> <span class='ocrx_word' id='word_1_2' title='bbox 914 448 1103 528; x_wconf 83' lang='lat' dir='ltr'><strong>Cunon.</strong></span> <span class='ocrx_word' id='word_1_3' title='bbox 1131 470 1192 524; x_wconf 79' lang='lat' dir='ltr'><strong>ur</strong></span> <span class='ocrx_word' id='word_1_4' title='bbox 1218 415 1434 557; x_wconf 66' lang='lat' dir='ltr'><strong>Cnunrm</strong></span> 
     </span>
    </p>
   </div>
   <div class='ocr_carea' id='block_1_2' title="bbox 538 609 1816 693">
    <p class='ocr_par' dir='ltr' id='par_1_2' title="bbox 538 609 1816 693">
     <span class='ocr_line' id='line_1_2' title="bbox 539 609 1816 646; baseline -0.01 -10"><span class='ocrx_word' id='word_1_5' title='bbox 539 609 1816 646; x_wconf 46' lang='lat' dir='ltr'><strong>mmm—m*-</strong></span> 
     </span>
     <span class='ocr_line' id='line_1_3' title="bbox 538 676 713 693; baseline -0.006 -3"><span class='ocrx_word' id='word_1_6' title='bbox 538 676 713 693; x_wconf 66' lang='grc' dir='ltr'>..ι-ι·-</span> 
     </span>
    </p>
   </div>
   <div class='ocr_carea' id='block_1_3' title="bbox 379 741 1818 2485">
    <p class='ocr_par' dir='ltr' id='par_1_3' title="bbox 532 741 1817 862">
     <span class='ocr_line' id='line_1_4' title="bbox 532 741 1817 862; baseline -0.009 -22"><span class='ocrx_word' id='word_1_7' title='bbox 532 766 578 839; x_wconf 34' lang='lat' dir='ltr'><strong>&#39;in</strong></span> <span class='ocrx_word' id='word_1_8' title='bbox 594 785 688 862; x_wconf 86' lang='lat' dir='ltr'><strong>pago</strong></span> <span class='ocrx_word' id='word_1_9' title='bbox 715 760 916 854; x_wconf 78' lang='lat' dir='ltr'><strong>Nirigoooa,</strong></span> <span class='ocrx_word' id='word_1_10' title='bbox 943 758 981 831; x_wconf 93' lang='lat' dir='ltr'><strong>in</strong></span> <span class='ocrx_word' id='word_1_11' title='bbox 996 757 1156 829; x_wconf 79' lang='lat' dir='ltr'><strong>comitatu</strong></span> <span class='ocrx_word' id='word_1_12' title='bbox 1181 754 1382 829; x_wconf 80' lang='lat' dir='ltr'><strong>R1canurr</strong></span> <span class='ocrx_word' id='word_1_13' title='bbox 1404 741 1577 826; x_wconf 78' lang='lat' dir='ltr'><strong>c&#39;onrms</strong></span> <span class='ocrx_word' id='word_1_14' title='bbox 1591 748 1710 846; x_wconf 88' lang='lat' dir='ltr'><strong>jacet,</strong></span> <span class='ocrx_word' id='word_1_15' title='bbox 1728 774 1817 829; x_wconf 91' lang='lat' dir='ltr'><strong>cum</strong></span> 
     </span>
    </p>

    <p class='ocr_par' dir='ltr' id='par_1_4' title="bbox 541 852 1818 960">
     <span class='ocr_line' id='line_1_5' title="bbox 541 852 1818 960; baseline -0.009 -19"><span class='ocrx_word' id='word_1_16' title='bbox 541 865 713 941; x_wconf 89' lang='lat' dir='ltr'><strong>omuibus</strong></span> <span class='ocrx_word' id='word_1_17' title='bbox 729 860 1026 960; x_wconf 68' lang='lat' dir='ltr'>appertinentiis,</span> <span class='ocrx_word' id='word_1_18' title='bbox 1042 856 1236 955; x_wconf 84' lang='lat' dir='ltr'><strong>mancipiis</strong></span> <span class='ocrx_word' id='word_1_19' title='bbox 1252 854 1446 949; x_wconf 88' lang='lat' dir='ltr'><strong>utriusque</strong></span> <span class='ocrx_word' id='word_1_20' title='bbox 1461 852 1587 940; x_wconf 85' lang='lat' dir='ltr'><strong>sexus,</strong></span> <span class='ocrx_word' id='word_1_21' title='bbox 1614 854 1723 928; x_wconf 88' lang='lat' dir='ltr'><strong>terris</strong></span> <span class='ocrx_word' id='word_1_22' title='bbox 1736 858 1818 931; x_wconf 86' lang='lat' dir='ltr'><strong>cul-</strong></span> 
     </span>
    </p>

    <p class='ocr_par' dir='ltr' id='par_1_5' title="bbox 541 953 1817 1061">
     <span class='ocr_line' id='line_1_6' title="bbox 541 953 1817 1061; baseline -0.009 -18"><span class='ocrx_word' id='word_1_23' title='bbox 541 966 641 1043; x_wconf 85' lang='lat' dir='ltr'><strong>tis&amp;</strong></span> <span class='ocrx_word' id='word_1_24' title='bbox 657 965 833 1051; x_wconf 91' lang='lat' dir='ltr'><strong>incultis,</strong></span> <span class='ocrx_word' id='word_1_25' title='bbox 860 961 1021 1061; x_wconf 78' lang='lat' dir='ltr'><strong>pascuiS,</strong></span> <span class='ocrx_word' id='word_1_26' title='bbox 1047 959 1180 1058; x_wconf 87' lang='lat' dir='ltr'><strong>pratis,</strong></span> <span class='ocrx_word' id='word_1_27' title='bbox 1206 957 1452 1053; x_wconf 85' lang='lat' dir='ltr'><strong>omnibusque</strong></span> <span class='ocrx_word' id='word_1_28' title='bbox 1468 953 1654 1052; x_wconf 84' lang='lat' dir='ltr'><strong>acquifitis</strong></span> <span class='ocrx_word' id='word_1_29' title='bbox 1668 957 1731 1031; x_wconf 89' lang='lat' dir='ltr'><strong>vel</strong></span> <span class='ocrx_word' id='word_1_30' title='bbox 1754 980 1817 1032; x_wconf 88' lang='lat' dir='ltr'><strong>ac·</strong></span> 
     </span>
    </p>

    <p class='ocr_par' dir='ltr' id='par_1_6' title="bbox 517 1057 1816 1167">
     <span class='ocr_line' id='line_1_7' title="bbox 517 1057 1816 1167; baseline -0.008 -22"><span class='ocrx_word' id='word_1_31' title='bbox 517 1068 751 1167; x_wconf 79' lang='lat' dir='ltr'><strong>‘quirendis,</strong></span> <span class='ocrx_word' id='word_1_32' title='bbox 778 1068 882 1151; x_wconf 89' lang='lat' dir='ltr'><strong>Deo,</strong></span> <span class='ocrx_word' id='word_1_33' title='bbox 910 1063 1112 1159; x_wconf 79' lang='lat' dir='ltr'><strong>santtaeque</strong></span> <span class='ocrx_word' id='word_1_34' title='bbox 1133 1060 1313 1157; x_wconf 75' lang='lat' dir='ltr'><strong>praedidae</strong></span> <span class='ocrx_word' id='word_1_35' title='bbox 1340 1058 1409 1134; x_wconf 88' lang='lat' dir='ltr'><strong>Dei</strong></span> <span class='ocrx_word' id='word_1_36' title='bbox 1432 1057 1594 1134; x_wconf 85' lang='lat' dir='ltr'><strong>ecclesrae</strong></span> <span class='ocrx_word' id='word_1_37' title='bbox 1616 1057 1816 1135; x_wconf 86' lang='lat' dir='ltr'><strong>devotione</strong></span> 
     </span>
    </p>

    <p class='ocr_par' dir='ltr' id='par_1_7' title="bbox 429 1161 1816 1267">
     <span class='ocr_line' id='line_1_8' title="bbox 429 1161 1816 1267; baseline -0.007 -21"><span class='ocrx_word' id='word_1_38' title='bbox 429 1248 433 1261; x_wconf 69' lang='grc'>,</span> <span class='ocrx_word' id='word_1_39' title='bbox 541 1171 704 1267; x_wconf 81' lang='lat' dir='ltr'><strong>gratuita</strong></span> <span class='ocrx_word' id='word_1_40' title='bbox 727 1168 955 1251; x_wconf 91' lang='lat' dir='ltr'><strong>obtulimus,</strong></span> <span class='ocrx_word' id='word_1_41' title='bbox 982 1188 1028 1240; x_wconf 90' lang='lat' dir='ltr'><strong>ea</strong></span> <span class='ocrx_word' id='word_1_42' title='bbox 1052 1163 1202 1259; x_wconf 88' lang='lat' dir='ltr'><strong>quidem</strong></span> <span class='ocrx_word' id='word_1_43' title='bbox 1235 1161 1401 1248; x_wconf 89' lang='lat' dir='ltr'><strong>ratione,</strong></span> <span class='ocrx_word' id='word_1_44' title='bbox 1427 1161 1607 1257; x_wconf 82' lang='lat' dir='ltr'><strong>quatinus</strong></span> <span class='ocrx_word' id='word_1_45' title='bbox 1621 1162 1816 1258; x_wconf 80' lang='lat' dir='ltr'><strong>praeditlus</strong></span> 
     </span>
    </p>

    <p class='ocr_par' dir='ltr' id='par_1_8' title="bbox 542 1261 1816 1367">
     <span class='ocr_line' id='line_1_9' title="bbox 542 1261 1816 1367; baseline -0.009 -19"><span class='ocrx_word' id='word_1_46' title='bbox 542 1273 657 1348; x_wconf 87' lang='lat' dir='ltr'><strong>abbas</strong></span> <span class='ocrx_word' id='word_1_47' title='bbox 678 1268 844 1367; x_wconf 82' lang='lat' dir='ltr'><strong>ejusdem</strong></span> <span class='ocrx_word' id='word_1_48' title='bbox 867 1268 965 1355; x_wconf 88' lang='lat' dir='ltr'><strong>loci,</strong></span> <span class='ocrx_word' id='word_1_49' title='bbox 991 1264 1183 1361; x_wconf 87' lang='lat' dir='ltr'><strong>&amp;reliqui</strong></span> <span class='ocrx_word' id='word_1_50' title='bbox 1205 1263 1259 1338; x_wconf 87' lang='lat' dir='ltr'><strong>lui</strong></span> <span class='ocrx_word' id='word_1_51' title='bbox 1283 1261 1494 1337; x_wconf 70' lang='lat' dir='ltr'><strong>successores</strong></span> <span class='ocrx_word' id='word_1_52' title='bbox 1519 1261 1619 1337; x_wconf 88' lang='lat' dir='ltr'><strong>idern</strong></span> <span class='ocrx_word' id='word_1_53' title='bbox 1633 1265 1816 1361; x_wconf 73' lang='lat' dir='ltr'><strong>praedium</strong></span> 
     </span>
    </p>

    <p class='ocr_par' dir='ltr' id='par_1_9' title="bbox 542 1364 1816 1466">
     <span class='ocr_line' id='line_1_10' title="bbox 542 1364 1816 1466; baseline -0.007 -17"><span class='ocrx_word' id='word_1_54' title='bbox 542 1372 780 1449; x_wconf 82' lang='lat' dir='ltr'><strong>ecclefiastico</strong></span> <span class='ocrx_word' id='word_1_55' title='bbox 802 1368 882 1466; x_wconf 87' lang='lat' dir='ltr'><strong>jure</strong></span> <span class='ocrx_word' id='word_1_56' title='bbox 904 1368 1120 1453; x_wconf 86' lang='lat' dir='ltr'><strong>obtineant,</strong></span> <span class='ocrx_word' id='word_1_57' title='bbox 1145 1364 1184 1441; x_wconf 84' lang='lat' dir='ltr'><strong>dr</strong></span> <span class='ocrx_word' id='word_1_58' title='bbox 1206 1366 1306 1465; x_wconf 90' lang='lat' dir='ltr'><strong>quod</strong></span> <span class='ocrx_word' id='word_1_59' title='bbox 1325 1365 1409 1439; x_wconf 92' lang='lat' dir='ltr'><strong>inde</strong></span> <span class='ocrx_word' id='word_1_60' title='bbox 1431 1364 1637 1463; x_wconf 86' lang='lat' dir='ltr'><strong>placuerit,</strong></span> <span class='ocrx_word' id='word_1_61' title='bbox 1665 1364 1715 1439; x_wconf 89' lang='lat' dir='ltr'><strong>ad</strong></span> <span class='ocrx_word' id='word_1_62' title='bbox 1729 1365 1816 1441; x_wconf 89' lang='lat' dir='ltr'><strong>ulus</strong></span> 
     </span>
    </p>

    <p class='ocr_par' dir='ltr' id='par_1_10' title="bbox 542 1464 1817 1555">
     <span class='ocr_line' id='line_1_11' title="bbox 542 1464 1817 1555; baseline -0.006 -4"><span class='ocrx_word' id='word_1_63' title='bbox 542 1476 703 1551; x_wconf 86' lang='lat' dir='ltr'><strong>eccleliae</strong></span> <span class='ocrx_word' id='word_1_64' title='bbox 728 1470 992 1547; x_wconf 88' lang='lat' dir='ltr'><strong>rationabiliter</strong></span> <span class='ocrx_word' id='word_1_65' title='bbox 1013 1466 1207 1555; x_wconf 85' lang='lat' dir='ltr'><strong>vertendi,</strong></span> <span class='ocrx_word' id='word_1_66' title='bbox 1233 1466 1352 1543; x_wconf 90' lang='lat' dir='ltr'><strong>nostro</strong></span> <span class='ocrx_word' id='word_1_67' title='bbox 1374 1464 1538 1541; x_wconf 84' lang='lat' dir='ltr'><strong>conoeliu</strong></span> <span class='ocrx_word' id='word_1_68' title='bbox 1559 1467 1676 1542; x_wconf 88' lang='lat' dir='ltr'><strong>libera</strong></span> <span class='ocrx_word' id='word_1_69' title='bbox 1698 1466 1817 1543; x_wconf 88' lang='lat' dir='ltr'><strong>facul·</strong></span> 
     </span>
    </p>

    <p class='ocr_par' dir='ltr' id='par_1_11' title="bbox 543 1567 1818 1676">
     <span class='ocr_line' id='line_1_12' title="bbox 543 1567 1818 1676; baseline -0.006 -23"><span class='ocrx_word' id='word_1_70' title='bbox 543 1588 622 1653; x_wconf 90' lang='lat' dir='ltr'><strong>tate</strong></span> <span class='ocrx_word' id='word_1_71' title='bbox 637 1575 842 1676; x_wconf 89' lang='lat' dir='ltr'><strong>potiantur,</strong></span> <span class='ocrx_word' id='word_1_72' title='bbox 859 1572 897 1648; x_wconf 84' lang='lat' dir='ltr'><strong>dt</strong></span> <span class='ocrx_word' id='word_1_73' title='bbox 913 1594 977 1672; x_wconf 91' lang='lat' dir='ltr'><strong>per</strong></span> <span class='ocrx_word' id='word_1_74' title='bbox 991 1570 1064 1645; x_wconf 91' lang='lat' dir='ltr'><strong>hoc</strong></span> <span class='ocrx_word' id='word_1_75' title='bbox 1075 1570 1267 1667; x_wconf 88' lang='lat' dir='ltr'><strong>quoddam</strong></span> <span class='ocrx_word' id='word_1_76' title='bbox 1282 1567 1446 1664; x_wconf 88' lang='lat' dir='ltr'><strong>ejusdem</strong></span> <span class='ocrx_word' id='word_1_77' title='bbox 1460 1567 1620 1645; x_wconf 81' lang='lat' dir='ltr'><strong>ecclesiae</strong></span> <span class='ocrx_word' id='word_1_78' title='bbox 1632 1570 1818 1667; x_wconf 80' lang='lat' dir='ltr'><strong>praedium</strong></span> 
     </span>
    </p>

    <p class='ocr_par' dir='ltr' id='par_1_12' title="bbox 544 1671 1817 1754">
     <span class='ocr_line' id='line_1_13' title="bbox 544 1671 1817 1754; baseline -0.005 0"><span class='ocrx_word' id='word_1_79' title='bbox 544 1678 693 1754; x_wconf 89' lang='lat' dir='ltr'><strong>nomine</strong></span> <span class='ocrx_word' id='word_1_80' title='bbox 708 1674 956 1750; x_wconf 72' lang='lat' dir='ltr'><strong>Honoldrslroch</strong></span> <span class='ocrx_word' id='word_1_81' title='bbox 977 1672 1084 1749; x_wconf 91' lang='lat' dir='ltr'><strong>nobis</strong></span> <span class='ocrx_word' id='word_1_82' title='bbox 1099 1684 1231 1746; x_wconf 92' lang='lat' dir='ltr'><strong>mutuo</strong></span> <span class='ocrx_word' id='word_1_83' title='bbox 1253 1671 1583 1747; x_wconf 87' lang='lat' dir='ltr'><strong>concambivimus.</strong></span> <span class='ocrx_word' id='word_1_84' title='bbox 1611 1671 1663 1746; x_wconf 86' lang='lat' dir='ltr'><strong>Et</strong></span> <span class='ocrx_word' id='word_1_85' title='bbox 1676 1686 1721 1747; x_wconf 93' lang='lat' dir='ltr'><strong>ut</strong></span> <span class='ocrx_word' id='word_1_86' title='bbox 1733 1671 1817 1748; x_wconf 84' lang='lat' dir='ltr'><strong>haec</strong></span> 
     </span>
    </p>

    <p class='ocr_par' dir='ltr' id='par_1_13' title="bbox 544 1772 1817 1872">
     <span class='ocr_line' id='line_1_14' title="bbox 544 1772 1817 1872; baseline -0.004 -17"><span class='ocrx_word' id='word_1_87' title='bbox 544 1779 675 1857; x_wconf 86' lang='lat' dir='ltr'><strong>nostrae</strong></span> <span class='ocrx_word' id='word_1_88' title='bbox 695 1775 996 1853; x_wconf 88' lang='lat' dir='ltr'><strong>commutationis</strong></span> <span class='ocrx_word' id='word_1_89' title='bbox 1013 1773 1209 1850; x_wconf 67' lang='lat' dir='ltr'><strong>auetoritas</strong></span> <span class='ocrx_word' id='word_1_90' title='bbox 1234 1772 1372 1848; x_wconf 89' lang='lat' dir='ltr'><strong>stabilis</strong></span> <span class='ocrx_word' id='word_1_91' title='bbox 1389 1772 1428 1849; x_wconf 80' lang='lat' dir='ltr'><strong>dt</strong></span> <span class='ocrx_word' id='word_1_92' title='bbox 1442 1772 1817 1872; x_wconf 83' lang='lat' dir='ltr'><strong>inconvulsaperma·</strong></span> 
     </span>
    </p>

    <p class='ocr_par' dir='ltr' id='par_1_14' title="bbox 544 1874 1817 1975">
     <span class='ocr_line' id='line_1_15' title="bbox 544 1874 1817 1975; baseline -0.003 -18"><span class='ocrx_word' id='word_1_93' title='bbox 544 1896 650 1970; x_wconf 87' lang='lat' dir='ltr'><strong>neat,</strong></span> <span class='ocrx_word' id='word_1_94' title='bbox 676 1881 772 1956; x_wconf 89' lang='lat' dir='ltr'><strong>hanc</strong></span> <span class='ocrx_word' id='word_1_95' title='bbox 797 1878 930 1975; x_wconf 85' lang='lat' dir='ltr'><strong>regalis</strong></span> <span class='ocrx_word' id='word_1_96' title='bbox 941 1877 1124 1975; x_wconf 82' lang='lat' dir='ltr'><strong>praecepti</strong></span> <span class='ocrx_word' id='word_1_97' title='bbox 1145 1874 1321 1975; x_wconf 87' lang='lat' dir='ltr'><strong>paginam</strong></span> <span class='ocrx_word' id='word_1_98' title='bbox 1343 1875 1428 1950; x_wconf 90' lang='lat' dir='ltr'><strong>inde</strong></span> <span class='ocrx_word' id='word_1_99' title='bbox 1444 1874 1619 1950; x_wconf 85' lang='lat' dir='ltr'><strong>conscribi</strong></span> <span class='ocrx_word' id='word_1_100' title='bbox 1643 1897 1687 1949; x_wconf 89' lang='lat' dir='ltr'><strong>ac</strong></span> <span class='ocrx_word' id='word_1_101' title='bbox 1702 1898 1817 1953; x_wconf 91' lang='lat' dir='ltr'><strong>manu</strong></span> 
     </span>
    </p>

    <p class='ocr_par' dir='ltr' id='par_1_15' title="bbox 543 1975 1816 2083">
     <span class='ocr_line' id='line_1_16' title="bbox 543 1975 1816 2083; baseline -0.004 -25"><span class='ocrx_word' id='word_1_102' title='bbox 543 1983 687 2083; x_wconf 87' lang='lat' dir='ltr'><strong>propria</strong></span> <span class='ocrx_word' id='word_1_103' title='bbox 702 1980 961 2057; x_wconf 87' lang='lat' dir='ltr'><strong>confirmantes</strong></span> <span class='ocrx_word' id='word_1_104' title='bbox 982 1976 1101 2075; x_wconf 83' lang='lat' dir='ltr'><strong>sigillo</strong></span> <span class='ocrx_word' id='word_1_105' title='bbox 1123 1977 1243 2052; x_wconf 86' lang='lat' dir='ltr'><strong>nostro</strong></span> <span class='ocrx_word' id='word_1_106' title='bbox 1258 1978 1501 2076; x_wconf 85' lang='lat' dir='ltr'><strong>praecepimus</strong></span> <span class='ocrx_word' id='word_1_107' title='bbox 1513 1975 1683 2072; x_wconf 85' lang='lat' dir='ltr'><strong>insrgniri.</strong></span> <span class='ocrx_word' id='word_1_108' title='bbox 1712 1980 1816 2053; x_wconf 91' lang='lat' dir='ltr'><strong>Gun-</strong></span> 
     </span>
    </p>

    <p class='ocr_par' dir='ltr' id='par_1_16' title="bbox 544 2077 1816 2177">
     <span class='ocr_line' id='line_1_17' title="bbox 544 2077 1816 2177; baseline -0.002 -17"><span class='ocrx_word' id='word_1_109' title='bbox 544 2084 685 2160; x_wconf 89' lang='lat' dir='ltr'><strong>therius</strong></span> <span class='ocrx_word' id='word_1_110' title='bbox 704 2082 944 2158; x_wconf 87' lang='lat' dir='ltr'><strong>cancellarius</strong></span> <span class='ocrx_word' id='word_1_111' title='bbox 959 2081 1042 2156; x_wconf 87' lang='lat' dir='ltr'><strong>vice</strong></span> <span class='ocrx_word' id='word_1_112' title='bbox 1057 2078 1293 2154; x_wconf 90' lang='lat' dir='ltr'><strong>Ercambaldi</strong></span> <span class='ocrx_word' id='word_1_113' title='bbox 1304 2077 1589 2177; x_wconf 89' lang='lat' dir='ltr'><strong>archicapellani</strong></span> <span class='ocrx_word' id='word_1_114' title='bbox 1603 2080 1816 2174; x_wconf 73' lang='lat' dir='ltr'><strong>recognovi.</strong></span> 
     </span>
    </p>

    <p class='ocr_par' dir='ltr' id='par_1_17' title="bbox 382 2164 1815 2269">
     <span class='ocr_line' id='line_1_18' title="bbox 382 2164 1815 2269; baseline -0.003 -7"><span class='ocrx_word' id='word_1_115' title='bbox 382 2190 415 2234; x_wconf 81' lang='lat'><strong>²·</strong></span> <span class='ocrx_word' id='word_1_116' title='bbox 431 2164 503 2236; x_wconf 63' lang='lat' dir='ltr'><strong>Ost·</strong></span> <span class='ocrx_word' id='word_1_117' title='bbox 544 2186 643 2261; x_wconf 90' lang='lat' dir='ltr'><strong>Data</strong></span> <span class='ocrx_word' id='word_1_118' title='bbox 658 2186 710 2264; x_wconf 93' lang='lat' dir='ltr'><strong>Vl</strong></span> <span class='ocrx_word' id='word_1_119' title='bbox 727 2206 844 2258; x_wconf 86' lang='lat' dir='ltr'><strong>nonas</strong></span> <span class='ocrx_word' id='word_1_120' title='bbox 870 2183 1051 2268; x_wconf 71' lang='lat' dir='ltr'><strong>Octobris,</strong></span> <span class='ocrx_word' id='word_1_121' title='bbox 1073 2181 1267 2256; x_wconf 78' lang='lat' dir='ltr'><strong>indiuione</strong></span> <span class='ocrx_word' id='word_1_122' title='bbox 1281 2181 1346 2269; x_wconf 89' lang='lat' dir='ltr'><strong>XI,</strong></span> <span class='ocrx_word' id='word_1_123' title='bbox 1362 2205 1459 2256; x_wconf 88' lang='lat' dir='ltr'><strong>anno</strong></span> <span class='ocrx_word' id='word_1_124' title='bbox 1476 2180 1681 2256; x_wconf 83' lang='lat' dir='ltr'><strong>Dominicae</strong></span> <span class='ocrx_word' id='word_1_125' title='bbox 1694 2181 1815 2257; x_wconf 85' lang='lat' dir='ltr'><strong>incar·</strong></span> 
     </span>
    </p>

    <p class='ocr_par' dir='ltr' id='par_1_18' title="bbox 379 2272 1814 2485">
     <span class='ocr_line' id='line_1_19' title="bbox 379 2272 1814 2377; baseline -0.004 -13"><span class='ocrx_word' id='word_1_126' title='bbox 379 2272 473 2336; x_wconf 74' lang='lat'><strong>¹⁰¹3·</strong></span> <span class='ocrx_word' id='word_1_127' title='bbox 544 2287 705 2363; x_wconf 88' lang='lat' dir='ltr'><strong>nationis</strong></span> <span class='ocrx_word' id='word_1_128' title='bbox 731 2285 872 2370; x_wconf 89' lang='lat' dir='ltr'><strong>MXlll,</strong></span> <span class='ocrx_word' id='word_1_129' title='bbox 888 2306 984 2358; x_wconf 87' lang='lat' dir='ltr'><strong>anno</strong></span> <span class='ocrx_word' id='word_1_130' title='bbox 1002 2305 1089 2359; x_wconf 89' lang='lat' dir='ltr'><strong>vero</strong></span> <span class='ocrx_word' id='word_1_131' title='bbox 1116 2283 1256 2357; x_wconf 91' lang='lat' dir='ltr'><strong>domini</strong></span> <span class='ocrx_word' id='word_1_132' title='bbox 1281 2283 1449 2359; x_wconf 88' lang='lat' dir='ltr'><strong>Heinrici</strong></span> <span class='ocrx_word' id='word_1_133' title='bbox 1463 2282 1607 2359; x_wconf 84' lang='lat' dir='ltr'><strong>secundi</strong></span> <span class='ocrx_word' id='word_1_134' title='bbox 1620 2282 1814 2377; x_wconf 85' lang='lat' dir='ltr'><strong>regnantis</strong></span> 
     </span>
     <span class='ocr_line' id='line_1_20' title="bbox 542 2381 1335 2485; baseline -0.006 -21"><span class='ocrx_word' id='word_1_135' title='bbox 542 2389 625 2465; x_wconf 84' lang='grc' dir='ltr'><strong>ΧΠ.</strong></span> <span class='ocrx_word' id='word_1_136' title='bbox 678 2384 814 2463; x_wconf 79' lang='lat' dir='ltr'><strong>Atium</strong></span> <span class='ocrx_word' id='word_1_137' title='bbox 828 2381 1193 2485; x_wconf 19' lang='lat' dir='ltr'><strong>Babanberclfeliciter</strong></span> <span class='ocrx_word' id='word_1_138' title='bbox 1213 2406 1335 2462; x_wconf 87' lang='lat' dir='ltr'><strong>amen.</strong></span> 
     </span>
    </p>
   </div>
   <div class='ocr_carea' id='block_1_4' title="bbox 1032 2604 1328 2698">
    <p class='ocr_par' dir='ltr' id='par_1_19' title="bbox 1032 2604 1328 2698">
     <span class='ocr_line' id='line_1_21' title="bbox 1032 2604 1328 2698; baseline -0.017 -1"><span class='ocrx_word' id='word_1_139' title='bbox 1032 2604 1328 2698; x_wconf 73' lang='lat' dir='ltr'><strong>‘LXXXXV.</strong></span> 
     </span>
    </p>
   </div>
   <div class='ocr_carea' id='block_1_5' title="bbox 329 2773 1782 3010">
    <p class='ocr_par' dir='ltr' id='par_1_20' title="bbox 329 2773 1782 3010">
     <span class='ocr_line' id='line_1_22' title="bbox 329 2773 1782 2897; baseline 0.003 -34"><span class='ocrx_word' id='word_1_140' title='bbox 329 2792 533 2865; x_wconf 68' lang='lat' dir='ltr'><strong>*beurren</strong></span> <span class='ocrx_word' id='word_1_141' title='bbox 571 2773 755 2877; x_wconf 75' lang='lat' dir='ltr'><strong>Ediii’um</strong></span> <span class='ocrx_word' id='word_1_142' title='bbox 773 2787 795 2835; x_wconf 75' lang='lat'><strong>⁴¹</strong></span> <span class='ocrx_word' id='word_1_143' title='bbox 812 2778 995 2873; x_wconf 81' lang='lat' dir='ltr'><strong>Heinrici</strong></span> <span class='ocrx_word' id='word_1_144' title='bbox 1014 2778 1120 2867; x_wconf 79' lang='lat' dir='ltr'><strong>inter</strong></span> <span class='ocrx_word' id='word_1_145' title='bbox 1147 2780 1217 2871; x_wconf 87' lang='lat' dir='ltr'><em>W</em></span> <span class='ocrx_word' id='word_1_146' title='bbox 1208 2778 1473 2897; x_wconf 82' lang='lat' dir='ltr'><strong>ormatirnsrm</strong></span> <span class='ocrx_word' id='word_1_147' title='bbox 1489 2778 1542 2877; x_wconf 59' lang='grc' dir='ltr'>ὅ</span> <span class='ocrx_word' id='word_1_148' title='bbox 1559 2775 1782 2871; x_wconf 80' lang='lat' dir='ltr'><strong>Laureslra·</strong></span> 
     </span>
     <span class='ocr_line' id='line_1_23' title="bbox 361 2884 1369 3010; baseline 0.002 -33"><span class='ocrx_word' id='word_1_149' title='bbox 361 2884 521 2952; x_wconf 70' lang='lat' dir='ltr'><strong>interius..</strong></span> <span class='ocrx_word' id='word_1_150' title='bbox 935 2958 940 2975; x_wconf 93' lang='lat'><em>.</em></span> <span class='ocrx_word' id='word_1_151' title='bbox 977 2896 1134 3010; x_wconf 80' lang='lat' dir='ltr'><strong>mensam</strong></span> <span class='ocrx_word' id='word_1_152' title='bbox 1152 2892 1369 3008; x_wconf 79' lang='lat' dir='ltr'><strong>familiam,</strong></span> 
     </span>
    </p>
   </div>
   <div class='ocr_carea' id='block_1_6' title="bbox 540 3079 1817 4188">
    <p class='ocr_par' dir='ltr' id='par_1_21' title="bbox 545 3079 1809 3215">
     <span class='ocr_line' id='line_1_24' title="bbox 545 3079 1809 3215; baseline 0.001 -59"><span class='ocrx_word' id='word_1_153' title='bbox 545 3089 596 3215; x_wconf 77' lang='lat' dir='ltr'><strong>ln</strong></span> <span class='ocrx_word' id='word_1_154' title='bbox 610 3082 756 3157; x_wconf 90' lang='lat' dir='ltr'><strong>nornine</strong></span> <span class='ocrx_word' id='word_1_155' title='bbox 774 3083 903 3159; x_wconf 78' lang='lat' dir='ltr'><strong>sanaae</strong></span> <span class='ocrx_word' id='word_1_156' title='bbox 925 3082 964 3159; x_wconf 83' lang='lat' dir='ltr'><strong>dr</strong></span> <span class='ocrx_word' id='word_1_157' title='bbox 985 3082 1188 3158; x_wconf 69' lang='lat' dir='ltr'><strong>individuae</strong></span> <span class='ocrx_word' id='word_1_158' title='bbox 1212 3082 1412 3158; x_wconf 83' lang='lat' dir='ltr'><strong>Trinitatis</strong></span> <span class='ocrx_word' id='word_1_159' title='bbox 1459 3079 1541 3174; x_wconf 80' lang='lat' dir='ltr'><strong>Ego</strong></span> <span class='ocrx_word' id='word_1_160' title='bbox 1565 3079 1809 3157; x_wconf 80' lang='lat' dir='ltr'><strong>Hnrnmcus</strong></span> 
     </span>
    </p>

    <p class='ocr_par' dir='ltr' id='par_1_22' title="bbox 540 3180 1817 4188">
     <span class='ocr_line' id='line_1_25' title="bbox 593 3180 1806 3279; baseline -0.001 -22"><span class='ocrx_word' id='word_1_161' title='bbox 593 3184 721 3259; x_wconf 88' lang='lat' dir='ltr'><strong>divina</strong></span> <span class='ocrx_word' id='word_1_162' title='bbox 743 3182 889 3259; x_wconf 89' lang='lat' dir='ltr'><strong>favente</strong></span> <span class='ocrx_word' id='word_1_163' title='bbox 907 3184 1106 3260; x_wconf 89' lang='lat' dir='ltr'><strong>clementia</strong></span> <span class='ocrx_word' id='word_1_164' title='bbox 1131 3184 1386 3259; x_wconf 87' lang='lat' dir='ltr'><strong>Romanorum</strong></span> <span class='ocrx_word' id='word_1_165' title='bbox 1410 3182 1604 3279; x_wconf 89' lang='lat' dir='ltr'><strong>imperator</strong></span> <span class='ocrx_word' id='word_1_166' title='bbox 1618 3180 1806 3276; x_wconf 82' lang='lat' dir='ltr'><strong>augustus,</strong></span> 
     </span>
     <span class='ocr_line' id='line_1_26' title="bbox 544 3284 1809 3381; baseline 0 -21"><span class='ocrx_word' id='word_1_167' title='bbox 544 3298 675 3360; x_wconf 88' lang='lat' dir='ltr'><strong>notum</strong></span> <span class='ocrx_word' id='word_1_168' title='bbox 691 3285 787 3360; x_wconf 83' lang='lat' dir='ltr'><strong>facio</strong></span> <span class='ocrx_word' id='word_1_169' title='bbox 814 3286 985 3361; x_wconf 86' lang='lat' dir='ltr'><strong>omnibus</strong></span> <span class='ocrx_word' id='word_1_170' title='bbox 1001 3286 1132 3364; x_wconf 72' lang='lat' dir='ltr'><strong>santiae</strong></span> <span class='ocrx_word' id='word_1_171' title='bbox 1155 3287 1226 3363; x_wconf 90' lang='lat' dir='ltr'><strong>Dei</strong></span> <span class='ocrx_word' id='word_1_172' title='bbox 1238 3287 1398 3364; x_wconf 85' lang='lat' dir='ltr'><strong>ecclesrae</strong></span> <span class='ocrx_word' id='word_1_173' title='bbox 1410 3284 1591 3370; x_wconf 88' lang='lat' dir='ltr'><strong>fidelibus,</strong></span> <span class='ocrx_word' id='word_1_174' title='bbox 1615 3296 1695 3359; x_wconf 81' lang='lat' dir='ltr'><strong>tam</strong></span> <span class='ocrx_word' id='word_1_175' title='bbox 1709 3305 1809 3381; x_wconf 88' lang='lat' dir='ltr'><strong>prae·</strong></span> 
     </span>
     <span class='ocr_line' id='line_1_27' title="bbox 546 3384 1811 3485; baseline 0.001 -25"><span class='ocrx_word' id='word_1_176' title='bbox 546 3387 708 3462; x_wconf 86' lang='lat' dir='ltr'><strong>sentibus</strong></span> <span class='ocrx_word' id='word_1_177' title='bbox 724 3409 836 3483; x_wconf 91' lang='lat' dir='ltr'><strong>quam</strong></span> <span class='ocrx_word' id='word_1_178' title='bbox 852 3386 891 3463; x_wconf 81' lang='lat' dir='ltr'><strong>dr</strong></span> <span class='ocrx_word' id='word_1_179' title='bbox 916 3389 1069 3476; x_wconf 82' lang='lat' dir='ltr'><strong>sumtis,</strong></span> <span class='ocrx_word' id='word_1_180' title='bbox 1096 3389 1253 3485; x_wconf 89' lang='lat' dir='ltr'><strong>qualiter</strong></span> <span class='ocrx_word' id='word_1_181' title='bbox 1267 3388 1402 3465; x_wconf 79' lang='lat' dir='ltr'><strong>allrdua</strong></span> <span class='ocrx_word' id='word_1_182' title='bbox 1416 3385 1652 3485; x_wconf 85' lang='lat' dir='ltr'><strong>proclamatio</strong></span> <span class='ocrx_word' id='word_1_183' title='bbox 1667 3384 1811 3461; x_wconf 86' lang='lat' dir='ltr'><strong>nostras</strong></span> 
     </span>
     <span class='ocr_line' id='line_1_28' title="bbox 546 3487 1811 3587; baseline -0.002 -24"><span class='ocrx_word' id='word_1_184' title='bbox 546 3510 654 3563; x_wconf 86' lang='lat' dir='ltr'><strong>aures</strong></span> <span class='ocrx_word' id='word_1_185' title='bbox 669 3488 924 3585; x_wconf 82' lang='lat' dir='ltr'><strong>inquietabat,</strong></span> <span class='ocrx_word' id='word_1_186' title='bbox 951 3491 999 3565; x_wconf 92' lang='lat' dir='ltr'><strong>ob</strong></span> <span class='ocrx_word' id='word_1_187' title='bbox 1014 3491 1237 3567; x_wconf 87' lang='lat' dir='ltr'><strong>inveteratas</strong></span> <span class='ocrx_word' id='word_1_188' title='bbox 1249 3490 1288 3568; x_wconf 82' lang='lat' dir='ltr'><strong>dt</strong></span> <span class='ocrx_word' id='word_1_189' title='bbox 1312 3490 1524 3587; x_wconf 82' lang='lat' dir='ltr'><strong>frequentes</strong></span> <span class='ocrx_word' id='word_1_190' title='bbox 1543 3487 1811 3576; x_wconf 86' lang='lat' dir='ltr'><strong>contentiones,</strong></span> 
     </span>
     <span class='ocr_line' id='line_1_29' title="bbox 542 3587 1814 3691; baseline 0 -26"><span class='ocrx_word' id='word_1_191' title='bbox 542 3588 582 3665; x_wconf 83' lang='lat' dir='ltr'><strong>dr</strong></span> <span class='ocrx_word' id='word_1_192' title='bbox 598 3589 645 3665; x_wconf 94' lang='lat' dir='ltr'><strong>ob</strong></span> <span class='ocrx_word' id='word_1_193' title='bbox 661 3587 885 3666; x_wconf 88' lang='lat' dir='ltr'><strong>inmarcidas</strong></span> <span class='ocrx_word' id='word_1_194' title='bbox 899 3590 1129 3681; x_wconf 87' lang='lat' dir='ltr'><strong>inimicitias,</strong></span> <span class='ocrx_word' id='word_1_195' title='bbox 1147 3616 1233 3691; x_wconf 86' lang='lat' dir='ltr'><strong>quae</strong></span> <span class='ocrx_word' id='word_1_196' title='bbox 1246 3592 1385 3691; x_wconf 91' lang='lat' dir='ltr'><strong>semper</strong></span> <span class='ocrx_word' id='word_1_197' title='bbox 1398 3606 1506 3667; x_wconf 88' lang='lat' dir='ltr'><strong>erant</strong></span> <span class='ocrx_word' id='word_1_198' title='bbox 1519 3593 1614 3667; x_wconf 90' lang='lat' dir='ltr'><strong>inter</strong></span> <span class='ocrx_word' id='word_1_199' title='bbox 1635 3592 1814 3669; x_wconf 87' lang='lat' dir='ltr'><strong>Wonna-</strong></span> 
     </span>
     <span class='ocr_line' id='line_1_30' title="bbox 542 3690 1816 3793; baseline 0.002 -28"><span class='ocrx_word' id='word_1_200' title='bbox 542 3690 697 3767; x_wconf 89' lang='lat' dir='ltr'><strong>tiensem</strong></span> <span class='ocrx_word' id='word_1_201' title='bbox 723 3693 928 3793; x_wconf 88' lang='lat' dir='ltr'><strong>episcopum</strong></span> <span class='ocrx_word' id='word_1_202' title='bbox 943 3694 981 3770; x_wconf 84' lang='lat' dir='ltr'><strong>dt</strong></span> <span class='ocrx_word' id='word_1_203' title='bbox 1007 3695 1402 3771; x_wconf 88' lang='lat' dir='ltr'><strong>Laureshammensem</strong></span> <span class='ocrx_word' id='word_1_204' title='bbox 1437 3694 1637 3781; x_wconf 88' lang='lat' dir='ltr'><strong>abbatem,</strong></span> <span class='ocrx_word' id='word_1_205' title='bbox 1662 3691 1701 3768; x_wconf 83' lang='lat' dir='ltr'><strong>dr</strong></span> <span class='ocrx_word' id='word_1_206' title='bbox 1714 3692 1816 3767; x_wconf 93' lang='lat' dir='ltr'><strong>inter</strong></span> 
     </span>
     <span class='ocr_line' id='line_1_31' title="bbox 541 3790 1815 3895; baseline 0.004 -29"><span class='ocrx_word' id='word_1_207' title='bbox 541 3790 704 3871; x_wconf 83' lang='lat' dir='ltr'><strong>familias</strong></span> <span class='ocrx_word' id='word_1_208' title='bbox 719 3808 957 3895; x_wconf 90' lang='lat' dir='ltr'><strong>utrarumque</strong></span> <span class='ocrx_word' id='word_1_209' title='bbox 973 3796 1206 3873; x_wconf 83' lang='lat' dir='ltr'><strong>ecclesiarum</strong></span> <span class='ocrx_word' id='word_1_210' title='bbox 1222 3854 1233 3888; x_wconf 90' lang='lat'><strong>,</strong></span> <span class='ocrx_word' id='word_1_211' title='bbox 1258 3822 1344 3895; x_wconf 87' lang='lat' dir='ltr'><strong>quae</strong></span> <span class='ocrx_word' id='word_1_212' title='bbox 1361 3794 1495 3893; x_wconf 88' lang='lat' dir='ltr'><strong>jamin</strong></span> <span class='ocrx_word' id='word_1_213' title='bbox 1515 3810 1663 3871; x_wconf 91' lang='lat' dir='ltr'><strong>tantum</strong></span> <span class='ocrx_word' id='word_1_214' title='bbox 1676 3817 1815 3871; x_wconf 87' lang='lat' dir='ltr'><strong>conva-</strong></span> 
     </span>
     <span class='ocr_line' id='line_1_32' title="bbox 543 3892 1817 3985; baseline 0.004 -18"><span class='ocrx_word' id='word_1_215' title='bbox 543 3892 718 3985; x_wconf 89' lang='lat' dir='ltr'><strong>luerunt,</strong></span> <span class='ocrx_word' id='word_1_216' title='bbox 743 3911 788 3972; x_wconf 90' lang='lat' dir='ltr'><strong>ut</strong></span> <span class='ocrx_word' id='word_1_217' title='bbox 800 3900 913 3973; x_wconf 89' lang='lat' dir='ltr'><strong>etiam</strong></span> <span class='ocrx_word' id='word_1_218' title='bbox 928 3900 1213 3977; x_wconf 88' lang='lat' dir='ltr'><strong>innumerabilia</strong></span> <span class='ocrx_word' id='word_1_219' title='bbox 1237 3900 1334 3976; x_wconf 87' lang='lat' dir='ltr'><strong>inter</strong></span> <span class='ocrx_word' id='word_1_220' title='bbox 1348 3898 1383 3975; x_wconf 85' lang='lat' dir='ltr'><strong>le</strong></span> <span class='ocrx_word' id='word_1_221' title='bbox 1398 3898 1528 3973; x_wconf 89' lang='lat' dir='ltr'><strong>fierent</strong></span> <span class='ocrx_word' id='word_1_222' title='bbox 1542 3895 1753 3982; x_wconf 88' lang='lat' dir='ltr'><strong>homicidia,</strong></span> <span class='ocrx_word' id='word_1_223' title='bbox 1762 3894 1817 3972; x_wconf 65' lang='lat'><strong>⁴&amp;</strong></span> 
     </span>
     <span class='ocr_line' id='line_1_33' title="bbox 540 3994 1813 4188; baseline 0.002 -116"><span class='ocrx_word' id='word_1_224' title='bbox 540 3994 582 4072; x_wconf 89' lang='lat' dir='ltr'><strong>in</strong></span> <span class='ocrx_word' id='word_1_225' title='bbox 602 3997 674 4075; x_wconf 93' lang='lat' dir='ltr'><strong>hoc</strong></span> <span class='ocrx_word' id='word_1_226' title='bbox 705 4000 920 4099; x_wconf 76' lang='lat' dir='ltr'><strong>monianum</strong></span> <span class='ocrx_word' id='word_1_227' title='bbox 951 4000 1215 4081; x_wconf 88' lang='lat' dir='ltr'><strong>detrimentum</strong></span> <span class='ocrx_word' id='word_1_228' title='bbox 1246 4014 1403 4103; x_wconf 88' lang='lat' dir='ltr'><strong>utraque</strong></span> <span class='ocrx_word' id='word_1_229' title='bbox 1434 4014 1624 4102; x_wconf 83' lang='lat' dir='ltr'><strong>pateretur</strong></span> <span class='ocrx_word' id='word_1_230' title='bbox 1647 3994 1813 4188; x_wconf 50' lang='lat' dir='ltr'><strong>egelefia.</strong></span> 
     </span>
    </p>

    <p class='ocr_par' dir='ltr' id='par_1_23' title="bbox 1490 4120 1752 4175">
     <span class='ocr_line' id='line_1_34' title="bbox 1490 4120 1752 4175; baseline 0 -32"><span class='ocrx_word' id='word_1_231' title='bbox 1490 4139 1494 4143; x_wconf 16' lang='lat' dir='ltr'><strong>a</strong></span> <span class='ocrx_word' id='word_1_232' title='bbox 1688 4120 1752 4175; x_wconf 66' lang='lat' dir='ltr'><strong>ua.</strong></span> 
     </span>
    </p>
   </div>
   <div class='ocr_carea' id='block_1_7' title="bbox 0 0 2013 5417">
    <p class='ocr_par' dir='ltr' id='par_1_24' title="bbox 0 0 2013 5417">
     <span class='ocr_line' id='line_1_35' title="bbox 0 0 2013 5417; baseline 0 0"><span class='ocrx_word' id='word_1_233' title='bbox 0 0 2013 5417; x_wconf 95' lang='lat' dir='ltr'><strong> </strong></span> 
     </span>
    </p>
   </div>
  </div>
 </body>
</html>
