4000 5417
470 517 476 525 ·
541 481 646 560 Sec.
671 477 744 557 XII
768 425 1054 556 Frrnrrreo
1079 481 1097 558 I
1123 504 1230 558 run.
1422 493 1494 586 2⁶3

222 788 525 966 Monasteria
547 811 717 898 quoque
744 781 1017 872 Cistercienlis
1043 782 1200 885 ordinis
1229 785 1337 870 miro
1362 779 1492 874 coluit

352 899 534 999 assessu,
563 898 697 999 adeo‘,
725 918 775 981 ut
802 896 847 984 dr
870 899 914 980 in
942 898 1069 982 rebus
1084 891 1307 982 mobilibus
1335 891 1489 985 sanstu-

220 1037 317 1102 rum
343 1011 646 1101 necessitatibus
674 1010 1031 1113 communicaret,
1061 1009 1105 1098 dr
1126 1013 1169 1094 in
1198 1007 1338 1094 firndis
1362 1005 1488 1096 eccle·

220 1130 292 1214 srae
311 1123 396 1211 suae
410 1127 553 1210 tumin
570 1124 731 1235 agraria
744 1117 1034 1224 novellatione,
1052 1145 1145 1209 tum
1163 1125 1205 1207 in
1224 1121 1489 1210 haereditaria

217 1239 425 1326 locatione
448 1234 676 1352 plurimum
712 1235 773 1317 eis
797 1229 1027 1320 consuleret
1051 1297 1062 1337 ,
1090 1231 1252 1324 servata
1280 1236 1488 1326 duntaxat

219 1355 432 1463 utrimque
468 1349 685 1462 requitatis
708 1345 897 1447 ratione,
926 1351 1121 1459 quatinus
1149 1345 1229 1435 illis
1255 1345 1484 1438 usufruslu·

152 1561 157 1567 ,
219 1469 307 1550 aria
320 1462 509 1565 accesso,
539 1463 584 1549 dr
602 1461 674 1546 srbi
691 1455 858 1569 suisque
876 1453 1165 1548 successoribus
1194 1491 1330 1548 annua
1346 1465 1485 1576 pensio

217 1607 302 1664 non
320 1604 469 1692 parum
484 1576 692 1660 conferret
709 1564 993 1657 emolumenti.
1044 1573 1157 1658 Hinc
1173 1573 1251 1674 est,
1265 1576 1390 1687 quod
1407 1575 1486 1662 fra·

218 1692 354 1776 tribus
378 1692 421 1773 in
449 1687 605 1784 Scurrae
636 1684 678 1772 ia
706 1682 914 1799 praedium
935 1685 977 1766 in
1007 1679 1237 1772 Grenssrer'm
1262 1681 1335 1771 sub
1357 1685 1485 1773 haere-

217 1802 369 1887 ditaria
389 1799 580 1914 pensione
601 1715 784 1897 socavit,
813 1794 859 1879 br
878 1821 928 1877 ea
955 1819 1126 1906 quoque
1155 1795 1364 1878 occasione
1382 1825 1487 1910 prae·

219 1914 338 2008 dium
354 1916 398 1994 in
427 1911 684 2023 Gagerfherg
701 1905 882 1994 ecclehae
898 1901 984 1992 suae
1003 1904 1269 2017 conquisivit,
1287 1903 1384 1994 fatti
1403 1935 1488 1994 me·

217 2027 399 2110 moriam
415 2020 653 2132 hujusmodi
666 2021 820 2138 scripto
849 2015 1114 2106 consumam.
1157 2057 1162 2066 “

761 2232 951 2327 CLVIII.

238 2426 265 2477 n
285 2399 433 2476 nomine
452 2384 528 2475 Dei
550 2401 823 2502 omnipotentis.
875 2401 1116 2476 Herurrrcus
1132 2395 1259 2476 divina
1284 2398 1486 2482 misericor·

262 2502 324 2578 dia
349 2502 714 2580 Laureshammensrs
726 2505 861 2592 abban,
886 2501 1062 2580 universis
1077 2500 1210 2578 Christi
1224 2501 1410 2592 fidelibus,
1426 2505 1484 2582 su·

212 2605 306 2680 turis
323 2627 366 2680 ac
381 2604 636 2704 praesentibus,
651 2607 690 2682 in
704 2620 937 2706 perpetuum.
990 2603 1056 2680 Ad
1069 2604 1140 2679 hoc
1155 2629 1178 2679 a
1191 2605 1351 2706 principe
1364 2605 1484 2706 pasto·

211 2727 296 2781 rum
311 2705 350 2782 dt
364 2721 468 2804 patre
489 2707 820 2784 misericordiarum
847 2707 927 2784 Deo
944 2707 982 2782 in
998 2705 1297 2807 dispensationem
1329 2707 1484 2789 samiliae

212 2807 288 2884 suae
303 2807 580 2881 misericorditer
600 2811 725 2884 vocati
739 2811 892 2897 sumus,
917 2823 961 2884 ut
977 2808 1087 2884 servis
1102 2809 1193 2897 suis,
1219 2811 1400 2888 conservis
1416 2837 1483 2887 no·

212 2906 314 2988 liris,
338 2926 385 2975 ex
400 2904 564 2975 caritatis
580 2907 709 2980 assessu
724 2909 948 2995 serviamus,
974 2909 1013 2984 dt
1029 2910 1238 2986 sufficientia
1252 2911 1381 2998 nostra,
1398 2936 1483 3010 quae

212 3030 263 3081 ex
275 2999 352 3102 ipso
365 2998 434 3085 est,
460 3020 590 3074 eorum
605 3003 814 3098 indigentiae
831 3029 897 3102 pro
911 3007 1005 3104 polle
1029 3011 1273 3086 cdnsulamus.
1328 3011 1385 3088 Ea
1400 3035 1485 3112 pro·
1521 3017 1526 3023 ’

212 3119 295 3208 pter
307 3101 451 3197 noverit
467 3098 683 3176 universrtas
706 3104 840 3180 Christi
866 3107 1031 3184 fidelium
1054 3112 1294 3212 adpraesens,
1320 3111 1358 3190 δι
1380 3115 1484 3216 inpo-
1563 3118 1572 3174 ἶ

211 3207 365 3292 storum,
391 3203 552 3301 qualiter
564 3224 632 3276 nos
647 3203 781 3284 divinae
795 3212 1101 3290 remunerationis
1118 3216 1280 3304 intuitu,
1305 3217 1483 3294 fratrum·

211 3330 287 3406 qne
313 3329 358 3382 ac
378 3305 544 3381 fidelium
569 3302 774 3382 nostrorum
798 3313 967 3408 precibus
983 3314 1022 3391 dt
1038 3316 1206 3394 consultu
1230 3319 1410 3417 praedirun
1424 3341 1484 3392 ec·

213 3408 330 3486 clesrae
342 3407 490 3496 nostrae,
516 3407 689 3486 videlicet
709 3409 787 3482 ouo
801 3411 922 3488 hubas
943 3415 983 3488 in
1010 3415 1218 3505 Grenssrcim,
1243 3418 1416 3497 Cumado
1433 3417 1481 3493 de

212 3509 435 3598 Romnum,
461 3507 500 3586 δι
514 3531 578 3608 per
591 3506 711 3608 ipsum
736 3509 912 3604 Bliggero
927 3515 974 3587 de
999 3516 1169 3590 Strinasru
1182 3541 1230 3591 ex
1244 3519 1396 3615 antiquo
1421 3519 1484 3592 be·

211 3612 421 3698 nesiciatas,
447 3609 509 3686 sed
523 3611 568 3686 ab
589 3624 746 3708 utroque
769 3611 877 3687 nobis
898 3613 1062 3690 absolute
1089 3617 1306 3710 resignatas,
1331 3640 1484 3693 venera·

211 3711 350 3787 bilibus
363 3711 536 3787 fratribus
551 3711 679 3806 nostris
706 3711 744 3787 in
768 3713 965 3809 Scenaugr'a
981 3711 1064 3810 jure
1079 3716 1316 3796 haereditario
1338 3715 1400 3793 sub
1416 3742 1482 3794 an·

211 3833 286 3887 nua
300 3810 467 3906 pensione
480 3812 607 3888 decern
633 3814 847 3904 caseorum,
873 3814 1093 3893 habentium
1107 3818 1265 3917 pretium
1281 3819 1407 3894 decem
1417 3820 1481 3897 de-

208 3913 425 4000 nariorum,
450 3929 624 4014 perpetuo
655 3918 887 4009 locavimus,
928 3918 1183 4021 praediumque
1223 3919 1480 4020 Gagerrnssurg

173 4057 177 4064 ¹
207 4037 299 4094 cum
321 4014 552 4120 pertinentiis
570 4018 670 4112 luis,
694 4020 925 4121 aBliggero,
950 4045 1068 4108 uxore
1088 4019 1285 4131 liberisque
1301 4023 1392 4208 sqisfl,
1418 4048 1477 4105 ec·

616 4141 621 4150 ’
1305 4149 1363 4208 Ge
1390 4150 1424 4212 Β
