4000 5417
1054 431 1414 512 knorrromts

1058 735 1398 830 DLXXXVIII.
1669 808 1673 812 Α

840 871 1023 966 Donalio
1055 869 1282 966 Wordoois
1297 869 1341 960 io
1355 869 1486 959 eaden
1510 871 1623 960 vilda.

510 1115 513 1122 .
661 1063 734 1116 nno
746 1039 942 1118 dominicae
957 1039 1219 1116 incarnationis
1240 1037 1541 1127 DCCCXLVlll,
1563 1040 1672 1136 regni
1684 1053 1765 1118 vero
1785 1040 1841 1114 Lu·

686 1143 820 1222 dowici
838 1143 935 1238 regis
952 1142 1188 1222 VlllWardo
1201 1139 1356 1217 tradidit
1370 1141 1410 1217 in
1428 1141 1668 1218 elemosinam
1693 1143 1842 1238 Heigonis

602 1244 825 1324 odlandum
852 1244 1072 1332 Nazariurn,
1097 1243 1162 1341 qui
1178 1242 1370 1342 requiescit
1388 1242 1633 1343 corporaliter
1645 1243 1684 1321 in
1697 1242 1844 1321 monaste

602 1349 658 1424 rio
675 1344 906 1429 Lauresham
925 1361 1140 1445 nuncupato
1169 1344 1306 1444 jurnal.
1317 1343 1332 1440 j
1353 1343 1394 1422 dr
1413 1346 1618 1422 dimidium
1641 1347 1680 1423 ln
1702 1347 1843 1444 Maenia·

440 1433 574 1508 &Hm
602 1451 700 1526 lom.
753 1447 890 1524 Alium
904 1447 1117 1522 Larentinam
1132 1449 1186 1524 vl
1208 1471 1295 1522 non.
1312 1447 1451 1523 Martii.
1479 1447 1539 1523 Isti
1553 1446 1642 1523 lunt
1655 1449 1759 1534 testes,
1770 1448 1844 1522 Rut-

603 1551 709 1638 hart,
734 1549 860 1637 Bubo,
885 1549 1155 1638 Theotbertus‚
1180 1549 1388 1638 Waltheti,
1413 1549 1658 1640 Berethrich,
1680 1547 1845 1636 Aonian,

609 1651 801 1752 Egisheri,
828 1651 1090 1732 Erkenbertus.
1140 1650 1322 1728 Tltiatroh
1337 1649 1486 1751 scripsit.

1106 1847 1411 1946 DLXXXIX.

916 1983 1106 2083 Donatio.
1124 1983 1283 2094 Arnolfi
1306 1980 1579 2098 imperatoris.

614 2155 816 2296 Arnoll'us
841 2177 908 2232 rex
934 2151 1180 2231 inviffillrmus
1199 2151 1239 2230 dc
1264 2150 1509 2228 Lrurunnus
1541 2169 1672 2226 conns
1698 2143 1849 2222 dedemnl

702 2258 821 2335 lausto
853 2257 1013 2335 Nazario
1034 2255 1075 2332 in
1096 2278 1192 2355 pago
1217 2251 1468 2331 Lobodonensr
1488 2253 1528 2328 in
1547 2251 1659 2338 villa,
1683 2271 1762 2345 quae
1775 2246 1848 2322 dici·

614 2375 677 2440 tur
703 2348 961 2450 Mdnsinheim,
982 2355 1149 2453 jurnales
1166 2355 1207 2455 jjj
1233 2356 1280 2432 de
1294 2369 1393 2432 terra
1413 2353 1584 2432 muria.
1620 2351 1766 2448 Signum
1788 2347 1851 2426 Ar·

615 2460 704 2540 nolfi
726 2459 929 2538 serenilliml
953 2459 1199 2559 imperatoris.

896 2771 1078 2868 Donatio
1105 2641 1350 2887 Πὶΐῗιιὶῐξίοὲη
1375 2769 1616 2868 otoinlnn.

450 2944 585 3034 W
613 2935 1565 3142 lnffiffiefflnffinngiignfflff
1579 2930 1860 3141 'egagninlelgnddf

613 3139 653 3220 dr
667 3141 803 3241 conjux
817 3167 901 3223 mea
927 3148 991 3224 lda
1005 3147 1190 3223 donamus
1203 3169 1269 3248 pro
1293 3148 1489 3225 animabus
1509 3099 1641 3224 nonnis
1654 3143 1702 3221 ad
1725 3136 1858 3218 sanun

615 3245 684 3321 Dei
697 3260 900 3344 martyrem
923 3248 1206 3326 Nazariumdtc
1231 3249 1304 3324 hoc
1317 3247 1474 3338 est,rem·
1482 3249 1645 3326 nostram
1664 3237 1861 3345 inpagolo

616 3345 811 3453 dodonrnfi,
838 3351 877 3425 in
906 3350 1152 3426 Oldinclcimar
1173 3373 1293 3426 marco
1312 3353 1462 3450 pratum
1477 3375 1601 3428 unum
1619 3350 1722 3450 super
1734 3341 1860 3451 llnviunr

618 3449 776 3538 Renum,
800 3451 841 3528 in
852 3453 975 3542 Hillo,
1001 3453 1047 3529 de
1064 3450 1169 3549 cujus
1182 3477 1257 3529 una
1278 3469 1383 3553 parte
1398 3468 1501 3531 tenet
1525 3455 1744 3538 Norbertus,
1758 3441 1864 3523 decha

618 3549 853 3643 Anthemus,
879 3555 925 3631 de
941 3556 1052 3632 tertia
1076 3555 1257 3643 Gothori,
1283 3557 1381 3633 adie
1394 3555 1561 3655 praesenti
1583 3555 1768 3634 tradimus
1779 3561 1864 3639 atque

621 3656 917 3755 transfundimus
931 3657 969 3734 in
984 3656 1054 3734 Dei
1068 3657 1215 3734 nomine
1231 3659 1491 3758 perpetumliter
1503 3645 1868 3756 adpoffidendundc·

622 3754 760 3833 Alium
784 3760 824 3836 in
843 3759 1061 3836 monasterio
1084 3759 1324 3849 Lamnum,
1351 3761 1411 3835 die
1433 3759 1471 3838 dt
1488 3776 1662 3860 tempore
1678 3782 1753 3857 quo
1776 3753 1867 3848 supra·

621 3859 780 3956 Signum
811 3861 1025 3939 Theutdulfi
1044 3859 1084 3940 dt
1108 3861 1212 3952 ldae,
1244 3862 1308 3962 qui
1328 3861 1428 3941 hanc
1450 3863 1698 3941 donationem
1729 3857 1872 3937 fecerun

619 3960 774 4042 Samuel
800 3961 949 4066 scripsit.

1692 4089 1840 4192 DXCl.
