<?xml version="1.0" encoding="UTF-8"?>
<!DOCTYPE html PUBLIC "-//W3C//DTD XHTML 1.0 Transitional//EN"
    "http://www.w3.org/TR/xhtml1/DTD/xhtml1-transitional.dtd">
<html xmlns="http://www.w3.org/1999/xhtml" xml:lang="en" lang="en">
 <head>
  <title>
</title>
<meta http-equiv="Content-Type" content="text/html;charset=utf-8" />
  <meta name='ocr-system' content='tesseract 3.04.00' />
  <meta name='ocr-capabilities' content='ocr_page ocr_carea ocr_par ocr_line ocrx_word'/>
</head>
<body>
  <div class='ocr_page' id='page_1' title='image "./codexprincipiso00egyegoog_0102.png"; bbox 0 0 4000 5417; ppageno 0'>
   <div class='ocr_carea' id='block_1_1' title="bbox 528 462 1510 567">
    <p class='ocr_par' dir='ltr' id='par_1_1' title="bbox 528 462 1510 567">
     <span class='ocr_line' id='line_1_1' title="bbox 528 462 1510 567; baseline -0.013 -17"><span class='ocrx_word' id='word_1_1' title='bbox 528 474 580 567; x_wconf 77' lang='lat'>⁶4</span> <span class='ocrx_word' id='word_1_2' title='bbox 896 463 1078 545; x_wconf 73' lang='lat' dir='ltr'>Canon.</span> <span class='ocrx_word' id='word_1_3' title='bbox 1106 462 1407 551; x_wconf 76' lang='lat' dir='ltr'>ur&#39;Cnanrnr</span> <span class='ocrx_word' id='word_1_4' title='bbox 1502 472 1510 483; x_wconf 85' lang='lat'><strong>·</strong></span> 
     </span>
    </p>
   </div>
   <div class='ocr_carea' id='block_1_2' title="bbox 525 686 1804 707">
    <p class='ocr_par' dir='ltr' id='par_1_2' title="bbox 525 686 1804 707">
     <span class='ocr_line' id='line_1_2' title="bbox 525 686 1804 707; baseline -0.003 -6"><span class='ocrx_word' id='word_1_5' title='bbox 525 686 1059 707; x_wconf 54' lang='grc' dir='ltr'>μ--ι--ι-</span> <span class='ocrx_word' id='word_1_6' title='bbox 1620 686 1804 703; x_wconf 53' lang='lat' dir='ltr'>a*</span> 
     </span>
    </p>
   </div>
   <div class='ocr_carea' id='block_1_3' title="bbox 257 766 1942 3193">
    <p class='ocr_par' dir='ltr' id='par_1_3' title="bbox 257 766 1942 3193">
     <span class='ocr_line' id='line_1_3' title="bbox 528 766 1801 872; baseline -0.002 -24"><span class='ocrx_word' id='word_1_7' title='bbox 528 770 674 872; x_wconf 84' lang='lat' dir='ltr'>praeluli</span> <span class='ocrx_word' id='word_1_8' title='bbox 688 770 726 847; x_wconf 77' lang='lat' dir='ltr'>dr</span> <span class='ocrx_word' id='word_1_9' title='bbox 741 768 880 869; x_wconf 78' lang='lat' dir='ltr'>abbati,</span> <span class='ocrx_word' id='word_1_10' title='bbox 895 770 1042 868; x_wconf 87' lang='lat' dir='ltr'>suisque</span> <span class='ocrx_word' id='word_1_11' title='bbox 1064 766 1338 857; x_wconf 85' lang='lat' dir='ltr'>luccelloribus,</span> <span class='ocrx_word' id='word_1_12' title='bbox 1354 790 1415 844; x_wconf 85' lang='lat' dir='ltr'>res</span> <span class='ocrx_word' id='word_1_13' title='bbox 1440 768 1602 868; x_wconf 70' lang='lat' dir='ltr'>praedicti</span> <span class='ocrx_word' id='word_1_14' title='bbox 1617 769 1801 846; x_wconf 86' lang='lat' dir='ltr'>monaste-</span> 
     </span>
     <span class='ocr_line' id='line_1_4' title="bbox 450 870 1801 971; baseline 0 -18"><span class='ocrx_word' id='word_1_15' title='bbox 450 904 455 911; x_wconf 91' lang='grc'><em>·</em></span> <span class='ocrx_word' id='word_1_16' title='bbox 529 873 576 953; x_wconf 87' lang='lat' dir='ltr'>rii</span> <span class='ocrx_word' id='word_1_17' title='bbox 594 874 657 951; x_wconf 85' lang='lat' dir='ltr'>sub</span> <span class='ocrx_word' id='word_1_18' title='bbox 672 874 921 950; x_wconf 88' lang='lat' dir='ltr'>immunitatis</span> <span class='ocrx_word' id='word_1_19' title='bbox 936 872 1066 949; x_wconf 84' lang='lat' dir='ltr'>nostrae</span> <span class='ocrx_word' id='word_1_20' title='bbox 1089 870 1296 947; x_wconf 77' lang='lat' dir='ltr'>defensione</span> <span class='ocrx_word' id='word_1_21' title='bbox 1321 872 1449 969; x_wconf 91' lang='lat' dir='ltr'>quieto</span> <span class='ocrx_word' id='word_1_22' title='bbox 1462 872 1590 946; x_wconf 89' lang='lat' dir='ltr'>ordine</span> <span class='ocrx_word' id='word_1_23' title='bbox 1611 870 1801 971; x_wconf 75' lang='lat' dir='ltr'>poffidere.</span> 
     </span>
     <span class='ocr_line' id='line_1_5' title="bbox 532 973 1799 1073; baseline 0 -22"><span class='ocrx_word' id='word_1_24' title='bbox 532 976 717 1073; x_wconf 85' lang='lat' dir='ltr'>Quicquid</span> <span class='ocrx_word' id='word_1_25' title='bbox 742 976 857 1051; x_wconf 88' lang='lat' dir='ltr'>etiam</span> <span class='ocrx_word' id='word_1_26' title='bbox 874 974 936 1071; x_wconf 90' lang='lat' dir='ltr'>jus</span> <span class='ocrx_word' id='word_1_27' title='bbox 961 974 1039 1050; x_wconf 86' lang='lat' dir='ltr'>filei</span> <span class='ocrx_word' id='word_1_28' title='bbox 1057 975 1205 1069; x_wconf 82' lang='lat' dir='ltr'>exigere</span> <span class='ocrx_word' id='word_1_29' title='bbox 1218 988 1374 1073; x_wconf 90' lang='lat' dir='ltr'>poterat,</span> <span class='ocrx_word' id='word_1_30' title='bbox 1399 973 1441 1049; x_wconf 90' lang='lat' dir='ltr'>iu</span> <span class='ocrx_word' id='word_1_31' title='bbox 1463 974 1650 1069; x_wconf 88' lang='lat' dir='ltr'>integrum</span> <span class='ocrx_word' id='word_1_32' title='bbox 1676 976 1799 1051; x_wconf 89' lang='lat' dir='ltr'>eidem</span> 
     </span>
     <span class='ocr_line' id='line_1_6' title="bbox 528 1076 1799 1175; baseline -0.001 -21"><span class='ocrx_word' id='word_1_33' title='bbox 528 1078 766 1155; x_wconf 74' lang='lat' dir='ltr'>concessimus</span> <span class='ocrx_word' id='word_1_34' title='bbox 792 1076 1034 1164; x_wconf 83' lang='lat' dir='ltr'>monasterio,</span> <span class='ocrx_word' id='word_1_35' title='bbox 1059 1076 1198 1151; x_wconf 89' lang='lat' dir='ltr'>scilicet</span> <span class='ocrx_word' id='word_1_36' title='bbox 1218 1092 1262 1153; x_wconf 91' lang='lat' dir='ltr'>ut</span> <span class='ocrx_word' id='word_1_37' title='bbox 1282 1077 1320 1151; x_wconf 93' lang='lat' dir='ltr'>in</span> <span class='ocrx_word' id='word_1_38' title='bbox 1342 1076 1560 1151; x_wconf 89' lang='lat' dir='ltr'>alimoniam</span> <span class='ocrx_word' id='word_1_39' title='bbox 1592 1100 1799 1175; x_wconf 87' lang='lat' dir='ltr'>pauperum</span> 
     </span>
     <span class='ocr_line' id='line_1_7' title="bbox 529 1172 1800 1279; baseline -0.002 -22"><span class='ocrx_word' id='word_1_40' title='bbox 529 1178 569 1257; x_wconf 75' lang='lat' dir='ltr'>dr</span> <span class='ocrx_word' id='word_1_41' title='bbox 585 1172 759 1279; x_wconf 87' lang='lat' dir='ltr'>stipendia</span> <span class='ocrx_word' id='word_1_42' title='bbox 784 1180 1050 1255; x_wconf 88' lang='lat' dir='ltr'>monachorum</span> <span class='ocrx_word' id='word_1_43' title='bbox 1075 1178 1213 1254; x_wconf 88' lang='lat' dir='ltr'>ibidem</span> <span class='ocrx_word' id='word_1_44' title='bbox 1239 1180 1319 1254; x_wconf 93' lang='lat' dir='ltr'>Deo</span> <span class='ocrx_word' id='word_1_45' title='bbox 1338 1176 1604 1254; x_wconf 86' lang='lat' dir='ltr'>famulantium</span> <span class='ocrx_word' id='word_1_46' title='bbox 1628 1180 1800 1277; x_wconf 83' lang='lat' dir='ltr'>perennis</span> 
     </span>
     <span class='ocr_line' id='line_1_8' title="bbox 527 1278 1799 1381; baseline -0.002 -22"><span class='ocrx_word' id='word_1_47' title='bbox 527 1283 757 1381; x_wconf 87' lang='lat' dir='ltr'>temporibus</span> <span class='ocrx_word' id='word_1_48' title='bbox 778 1280 944 1381; x_wconf 86' lang='lat' dir='ltr'>proficiat</span> <span class='ocrx_word' id='word_1_49' title='bbox 969 1281 1009 1355; x_wconf 86' lang='lat' dir='ltr'>in</span> <span class='ocrx_word' id='word_1_50' title='bbox 1034 1281 1257 1376; x_wconf 83' lang='lat' dir='ltr'>augmentis.</span> <span class='ocrx_word' id='word_1_51' title='bbox 1284 1282 1336 1356; x_wconf 88' lang='lat' dir='ltr'>Et</span> <span class='ocrx_word' id='word_1_52' title='bbox 1355 1278 1656 1377; x_wconf 89' lang='lat' dir='ltr'>quandoquidem</span> <span class='ocrx_word' id='word_1_53' title='bbox 1670 1281 1799 1357; x_wconf 89' lang='lat' dir='ltr'>divina</span> 
     </span>
     <span class='ocr_line' id='line_1_9' title="bbox 530 1380 1798 1482; baseline -0.001 -22"><span class='ocrx_word' id='word_1_54' title='bbox 530 1386 724 1461; x_wconf 89' lang='lat' dir='ltr'>vocatione</span> <span class='ocrx_word' id='word_1_55' title='bbox 751 1383 859 1482; x_wconf 87' lang='lat' dir='ltr'>supra</span> <span class='ocrx_word' id='word_1_56' title='bbox 878 1384 995 1459; x_wconf 72' lang='lat' dir='ltr'>diibus</span> <span class='ocrx_word' id='word_1_57' title='bbox 1021 1382 1211 1482; x_wconf 88' lang='lat' dir='ltr'>episcopus</span> <span class='ocrx_word' id='word_1_58' title='bbox 1232 1383 1292 1459; x_wconf 88' lang='lat' dir='ltr'>vel</span> <span class='ocrx_word' id='word_1_59' title='bbox 1315 1380 1528 1457; x_wconf 87' lang='lat' dir='ltr'>luoceliores</span> <span class='ocrx_word' id='word_1_60' title='bbox 1552 1380 1700 1478; x_wconf 89' lang='lat' dir='ltr'>ejusde</span> <span class='ocrx_word' id='word_1_61' title='bbox 1724 1382 1798 1459; x_wconf 88' lang='lat' dir='ltr'>hac</span> 
     </span>
     <span class='ocr_line' id='line_1_10' title="bbox 529 1484 1880 1585; baseline 0 -24"><span class='ocrx_word' id='word_1_62' title='bbox 529 1487 614 1561; x_wconf 91' lang='lat' dir='ltr'>luce</span> <span class='ocrx_word' id='word_1_63' title='bbox 636 1485 903 1581; x_wconf 83' lang='lat' dir='ltr'>migraverint,</span> <span class='ocrx_word' id='word_1_64' title='bbox 930 1485 1111 1585; x_wconf 84' lang='lat' dir='ltr'>quamdiu</span> <span class='ocrx_word' id='word_1_65' title='bbox 1129 1484 1192 1583; x_wconf 81' lang='lat' dir='ltr'>ipsi</span> <span class='ocrx_word' id='word_1_66' title='bbox 1220 1484 1392 1580; x_wconf 87' lang='lat' dir='ltr'>monachi</span> <span class='ocrx_word' id='word_1_67' title='bbox 1418 1484 1513 1559; x_wconf 87' lang='lat' dir='ltr'>inter</span> <span class='ocrx_word' id='word_1_68' title='bbox 1529 1484 1565 1560; x_wconf 87' lang='lat' dir='ltr'>le</span> <span class='ocrx_word' id='word_1_69' title='bbox 1587 1485 1680 1559; x_wconf 87' lang='lat' dir='ltr'>tales</span> <span class='ocrx_word' id='word_1_70' title='bbox 1693 1484 1799 1561; x_wconf 84' lang='lat' dir='ltr'>inve·</span> <span class='ocrx_word' id='word_1_71' title='bbox 1874 1489 1880 1505; x_wconf 81' lang='grc'><em>“</em></span> 
     </span>
     <span class='ocr_line' id='line_1_11' title="bbox 467 1585 1799 1687; baseline -0.002 -22"><span class='ocrx_word' id='word_1_72' title='bbox 467 1622 473 1629; x_wconf 91' lang='grc'><em>·</em></span> <span class='ocrx_word' id='word_1_73' title='bbox 530 1589 610 1665; x_wconf 90' lang='lat' dir='ltr'>nire</span> <span class='ocrx_word' id='word_1_74' title='bbox 628 1587 835 1687; x_wconf 85' lang='lat' dir='ltr'>potuerint,</span> <span class='ocrx_word' id='word_1_75' title='bbox 856 1587 925 1686; x_wconf 89' lang='lat' dir='ltr'>&#39;qui</span> <span class='ocrx_word' id='word_1_76' title='bbox 941 1586 1057 1687; x_wconf 86' lang='lat' dir='ltr'>ipsam</span> <span class='ocrx_word' id='word_1_77' title='bbox 1072 1587 1399 1684; x_wconf 80' lang='lat' dir='ltr'>congregationem</span> <span class='ocrx_word' id='word_1_78' title='bbox 1411 1585 1610 1661; x_wconf 90' lang='lat' dir='ltr'>secundum</span> <span class='ocrx_word' id='word_1_79' title='bbox 1625 1588 1799 1682; x_wconf 87' lang='lat' dir='ltr'>regulam</span> 
     </span>
     <span class='ocr_line' id='line_1_12' title="bbox 531 1686 1797 1788; baseline 0.001 -23"><span class='ocrx_word' id='word_1_80' title='bbox 531 1689 642 1765; x_wconf 76' lang='lat' dir='ltr'>sanili</span> <span class='ocrx_word' id='word_1_81' title='bbox 658 1689 855 1765; x_wconf 73' lang='lat' dir='ltr'>Benedicti</span> <span class='ocrx_word' id='word_1_82' title='bbox 868 1711 994 1786; x_wconf 86' lang='lat' dir='ltr'>regere</span> <span class='ocrx_word' id='word_1_83' title='bbox 1021 1691 1172 1765; x_wconf 87' lang='lat' dir='ltr'>valeant</span> <span class='ocrx_word' id='word_1_84' title='bbox 1184 1742 1196 1778; x_wconf 96' lang='lat'>,</span> <span class='ocrx_word' id='word_1_85' title='bbox 1220 1687 1402 1788; x_wconf 88' lang='lat' dir='ltr'>perhanc</span> <span class='ocrx_word' id='word_1_86' title='bbox 1427 1686 1589 1765; x_wconf 84' lang='lat' dir='ltr'>nostram</span> <span class='ocrx_word' id='word_1_87' title='bbox 1602 1688 1797 1766; x_wconf 69' lang='lat' dir='ltr'>auctorita-</span> 
     </span>
     <span class='ocr_line' id='line_1_13' title="bbox 531 1789 1798 1890; baseline -0.002 -21"><span class='ocrx_word' id='word_1_88' title='bbox 531 1791 609 1869; x_wconf 81' lang='lat' dir='ltr'>tem</span> <span class='ocrx_word' id='word_1_89' title='bbox 622 1790 661 1868; x_wconf 72' lang='lat' dir='ltr'>dc</span> <span class='ocrx_word' id='word_1_90' title='bbox 675 1790 916 1879; x_wconf 52' lang='lat' dir='ltr'>consensuma</span> <span class='ocrx_word' id='word_1_91' title='bbox 943 1790 1087 1868; x_wconf 85' lang='lat' dir='ltr'>ficut&amp;</span> <span class='ocrx_word' id='word_1_92' title='bbox 1100 1792 1155 1867; x_wconf 90' lang='lat' dir='ltr'>eis</span> <span class='ocrx_word' id='word_1_93' title='bbox 1181 1791 1354 1869; x_wconf 84' lang='lat' dir='ltr'>dominus</span> <span class='ocrx_word' id='word_1_94' title='bbox 1379 1789 1418 1867; x_wconf 79' lang='lat' dir='ltr'>dt</span> <span class='ocrx_word' id='word_1_95' title='bbox 1445 1792 1589 1887; x_wconf 90' lang='lat' dir='ltr'>genitor</span> <span class='ocrx_word' id='word_1_96' title='bbox 1602 1789 1718 1865; x_wconf 87' lang='lat' dir='ltr'>noster</span> <span class='ocrx_word' id='word_1_97' title='bbox 1731 1814 1798 1890; x_wconf 90' lang='lat' dir='ltr'>per</span> 
     </span>
     <span class='ocr_line' id='line_1_14' title="bbox 530 1891 1797 1989; baseline -0.001 -18"><span class='ocrx_word' id='word_1_98' title='bbox 530 1892 634 1971; x_wconf 85' lang='lat' dir='ltr'>suam</span> <span class='ocrx_word' id='word_1_99' title='bbox 650 1892 904 1970; x_wconf 69' lang='lat' dir='ltr'>austeritatem</span> <span class='ocrx_word' id='word_1_100' title='bbox 920 1892 1106 1981; x_wconf 82' lang='lat' dir='ltr'>concelirt,</span> <span class='ocrx_word' id='word_1_101' title='bbox 1128 1892 1318 1968; x_wconf 80' lang='lat' dir='ltr'>licentiam</span> <span class='ocrx_word' id='word_1_102' title='bbox 1333 1891 1498 1983; x_wconf 78' lang='lat' dir='ltr'>habeant</span> <span class='ocrx_word' id='word_1_103' title='bbox 1510 1894 1672 1989; x_wconf 89' lang='lat' dir='ltr'>eligendi</span> <span class='ocrx_word' id='word_1_104' title='bbox 1684 1893 1797 1970; x_wconf 87' lang='lat' dir='ltr'>abba·</span> 
     </span>
     <span class='ocr_line' id='line_1_15' title="bbox 257 1988 1797 2095; baseline -0.001 -22"><span class='ocrx_word' id='word_1_105' title='bbox 257 2064 264 2073; x_wconf 93' lang='lat'>.</span> <span class='ocrx_word' id='word_1_106' title='bbox 398 2086 402 2093; x_wconf 18' lang='grc' dir='ltr'>ι</span> <span class='ocrx_word' id='word_1_107' title='bbox 532 2008 614 2081; x_wconf 87' lang='lat' dir='ltr'>tes,</span> <span class='ocrx_word' id='word_1_108' title='bbox 639 1994 817 2091; x_wconf 87' lang='lat' dir='ltr'>quatinus</span> <span class='ocrx_word' id='word_1_109' title='bbox 837 1988 931 2095; x_wconf 76' lang='lat' dir='ltr'>ipsos</span> <span class='ocrx_word' id='word_1_110' title='bbox 947 1995 1068 2070; x_wconf 88' lang='lat' dir='ltr'>servos</span> <span class='ocrx_word' id='word_1_111' title='bbox 1094 1996 1187 2084; x_wconf 91' lang='lat' dir='ltr'>Dei,</span> <span class='ocrx_word' id='word_1_112' title='bbox 1214 1996 1277 2092; x_wconf 95' lang='lat' dir='ltr'>qui</span> <span class='ocrx_word' id='word_1_113' title='bbox 1293 1994 1430 2070; x_wconf 85' lang='lat' dir='ltr'>ibidem</span> <span class='ocrx_word' id='word_1_114' title='bbox 1456 1996 1535 2071; x_wconf 91' lang='lat' dir='ltr'>Deo</span> <span class='ocrx_word' id='word_1_115' title='bbox 1556 1995 1797 2084; x_wconf 87' lang='lat' dir='ltr'>famulantur,</span> 
     </span>
     <span class='ocr_line' id='line_1_16' title="bbox 529 2086 1942 2197; baseline 0.002 -25"><span class='ocrx_word' id='word_1_116' title='bbox 529 2093 569 2172; x_wconf 78' lang='lat' dir='ltr'>dt</span> <span class='ocrx_word' id='word_1_117' title='bbox 585 2118 650 2195; x_wconf 92' lang='lat' dir='ltr'>pro</span> <span class='ocrx_word' id='word_1_118' title='bbox 664 2097 796 2171; x_wconf 90' lang='lat' dir='ltr'>eodem</span> <span class='ocrx_word' id='word_1_119' title='bbox 821 2086 986 2193; x_wconf 84' lang='lat' dir='ltr'>g&#39;enitore</span> <span class='ocrx_word' id='word_1_120' title='bbox 999 2095 1120 2172; x_wconf 88' lang='lat' dir='ltr'>nostro</span> <span class='ocrx_word' id='word_1_121' title='bbox 1134 2095 1172 2174; x_wconf 74' lang='grc' dir='ltr'>δι</span> <span class='ocrx_word' id='word_1_122' title='bbox 1198 2096 1436 2196; x_wconf 84' lang='lat' dir='ltr'>pronubis&amp;</span> <span class='ocrx_word' id='word_1_123' title='bbox 1454 2094 1608 2192; x_wconf 87' lang='lat' dir='ltr'>conjuge</span> <span class='ocrx_word' id='word_1_124' title='bbox 1623 2100 1798 2197; x_wconf 90' lang='lat' dir='ltr'>proleque</span> <span class='ocrx_word' id='word_1_125' title='bbox 1937 2104 1942 2117; x_wconf 97' lang='grc'>’</span> 
     </span>
     <span class='ocr_line' id='line_1_17' title="bbox 531 2197 1799 2295; baseline 0.003 -22"><span class='ocrx_word' id='word_1_126' title='bbox 531 2198 652 2274; x_wconf 87' lang='lat' dir='ltr'>nostra</span> <span class='ocrx_word' id='word_1_127' title='bbox 665 2200 704 2275; x_wconf 81' lang='lat' dir='ltr'>dr</span> <span class='ocrx_word' id='word_1_128' title='bbox 717 2197 912 2275; x_wconf 90' lang='lat' dir='ltr'>stabilitate</span> <span class='ocrx_word' id='word_1_129' title='bbox 939 2200 1053 2275; x_wconf 91' lang='lat' dir='ltr'>totius</span> <span class='ocrx_word' id='word_1_130' title='bbox 1071 2199 1174 2295; x_wconf 88' lang='lat' dir='ltr'>regni</span> <span class='ocrx_word' id='word_1_131' title='bbox 1187 2197 1334 2273; x_wconf 81' lang='lat' dir='ltr'>nostrie</span> <span class='ocrx_word' id='word_1_132' title='bbox 1360 2199 1440 2274; x_wconf 90' lang='lat' dir='ltr'>Deo</span> <span class='ocrx_word' id='word_1_133' title='bbox 1459 2198 1564 2273; x_wconf 91' lang='lat' dir='ltr'>nobis</span> <span class='ocrx_word' id='word_1_134' title='bbox 1578 2200 1733 2288; x_wconf 89' lang='lat' dir='ltr'>collati,</span> <span class='ocrx_word' id='word_1_135' title='bbox 1757 2200 1799 2277; x_wconf 68' lang='grc' dir='ltr'>ἃ</span> 
     </span>
     <span class='ocr_line' id='line_1_18' title="bbox 530 2297 1799 2400; baseline 0 -25"><span class='ocrx_word' id='word_1_136' title='bbox 530 2298 611 2394; x_wconf 88' lang='lat' dir='ltr'>ejus</span> <span class='ocrx_word' id='word_1_137' title='bbox 625 2300 899 2375; x_wconf 78' lang='lat' dir='ltr'>clementissima</span> <span class='ocrx_word' id='word_1_138' title='bbox 922 2300 1153 2377; x_wconf 87' lang='lat' dir='ltr'>miseratione</span> <span class='ocrx_word' id='word_1_139' title='bbox 1167 2322 1233 2400; x_wconf 91' lang='lat' dir='ltr'>per</span> <span class='ocrx_word' id='word_1_140' title='bbox 1257 2298 1461 2374; x_wconf 88' lang='lat' dir='ltr'>inmensum</span> <span class='ocrx_word' id='word_1_141' title='bbox 1475 2297 1724 2389; x_wconf 84' lang='lat' dir='ltr'>conservandi,</span> <span class='ocrx_word' id='word_1_142' title='bbox 1732 2299 1799 2396; x_wconf 73' lang='lat' dir='ltr'>ju·</span> 
     </span>
     <span class='ocr_line' id='line_1_19' title="bbox 531 2399 1797 2497; baseline 0.002 -22"><span class='ocrx_word' id='word_1_143' title='bbox 531 2403 627 2497; x_wconf 89' lang='lat' dir='ltr'>giter</span> <span class='ocrx_word' id='word_1_144' title='bbox 642 2399 792 2474; x_wconf 90' lang='lat' dir='ltr'>Domini</span> <span class='ocrx_word' id='word_1_145' title='bbox 819 2400 1104 2478; x_wconf 86' lang='lat' dir='ltr'>misericordiam</span> <span class='ocrx_word' id='word_1_146' title='bbox 1117 2424 1271 2478; x_wconf 80' lang='lat' dir='ltr'>exorare</span> <span class='ocrx_word' id='word_1_147' title='bbox 1293 2401 1454 2477; x_wconf 71' lang='lat' dir='ltr'>delectet</span> <span class='ocrx_word' id='word_1_148' title='bbox 1506 2402 1557 2478; x_wconf 85' lang='lat' dir='ltr'>Et</span> <span class='ocrx_word' id='word_1_149' title='bbox 1569 2415 1612 2477; x_wconf 91' lang='lat' dir='ltr'>ut</span> <span class='ocrx_word' id='word_1_150' title='bbox 1624 2401 1712 2496; x_wconf 77' lang='lat' dir='ltr'>baec</span> <span class='ocrx_word' id='word_1_151' title='bbox 1728 2426 1797 2477; x_wconf 88' lang='lat' dir='ltr'>au·</span> 
     </span>
     <span class='ocr_line' id='line_1_20' title="bbox 533 2499 1798 2603; baseline 0.003 -28"><span class='ocrx_word' id='word_1_152' title='bbox 533 2501 680 2575; x_wconf 73' lang='lat' dir='ltr'>storias</span> <span class='ocrx_word' id='word_1_153' title='bbox 702 2499 831 2575; x_wconf 87' lang='lat' dir='ltr'>nostris</span> <span class='ocrx_word' id='word_1_154' title='bbox 851 2502 1057 2600; x_wconf 88' lang='lat' dir='ltr'>futurisque</span> <span class='ocrx_word' id='word_1_155' title='bbox 1078 2506 1305 2603; x_wconf 88' lang='lat' dir='ltr'>temporibus</span> <span class='ocrx_word' id='word_1_156' title='bbox 1331 2504 1490 2581; x_wconf 89' lang='lat' dir='ltr'>Domino</span> <span class='ocrx_word' id='word_1_157' title='bbox 1500 2499 1715 2603; x_wconf 72' lang='lat' dir='ltr'>protegente</span> <span class='ocrx_word' id='word_1_158' title='bbox 1728 2528 1798 2579; x_wconf 87' lang='lat' dir='ltr'>va·</span> 
     </span>
     <span class='ocr_line' id='line_1_21' title="bbox 459 2600 1799 2693; baseline 0.006 -18"><span class='ocrx_word' id='word_1_159' title='bbox 459 2670 460 2675; x_wconf 10' lang='lat' dir='ltr'>v</span> <span class='ocrx_word' id='word_1_160' title='bbox 532 2602 609 2677; x_wconf 88' lang='lat' dir='ltr'>leat</span> <span class='ocrx_word' id='word_1_161' title='bbox 623 2600 835 2678; x_wconf 89' lang='lat' dir='ltr'>inconvulsa</span> <span class='ocrx_word' id='word_1_162' title='bbox 859 2603 1065 2693; x_wconf 74' lang='lat' dir='ltr'>consistere,</span> <span class='ocrx_word' id='word_1_163' title='bbox 1092 2628 1207 2682; x_wconf 88' lang='lat' dir='ltr'>manu</span> <span class='ocrx_word' id='word_1_164' title='bbox 1231 2602 1353 2681; x_wconf 86' lang='lat' dir='ltr'>nostra</span> <span class='ocrx_word' id='word_1_165' title='bbox 1368 2604 1488 2683; x_wconf 89' lang='lat' dir='ltr'>subter</span> <span class='ocrx_word' id='word_1_166' title='bbox 1500 2604 1799 2683; x_wconf 77' lang='lat' dir='ltr'>firmavimus&amp;</span> 
     </span>
     <span class='ocr_line' id='line_1_22' title="bbox 532 2700 1799 2805; baseline 0.004 -26"><span class='ocrx_word' id='word_1_167' title='bbox 532 2702 635 2779; x_wconf 85' lang='lat' dir='ltr'>anuli</span> <span class='ocrx_word' id='word_1_168' title='bbox 650 2700 759 2778; x_wconf 86' lang='lat' dir='ltr'>nostri</span> <span class='ocrx_word' id='word_1_169' title='bbox 780 2704 1003 2805; x_wconf 84' lang='lat' dir='ltr'>imprellrone</span> <span class='ocrx_word' id='word_1_170' title='bbox 1018 2706 1151 2803; x_wconf 80' lang='lat' dir='ltr'>signari</span> <span class='ocrx_word' id='word_1_171' title='bbox 1167 2706 1349 2803; x_wconf 83' lang='lat' dir='ltr'>julirmus.</span> <span class='ocrx_word' id='word_1_172' title='bbox 1401 2708 1653 2804; x_wconf 87' lang='lat' dir='ltr'>Regenbe&#39;rtus</span> <span class='ocrx_word' id='word_1_173' title='bbox 1673 2709 1799 2784; x_wconf 89' lang='lat' dir='ltr'>diaco·</span> 
     </span>
     <span class='ocr_line' id='line_1_23' title="bbox 532 2804 1799 2912; baseline 0.005 -31"><span class='ocrx_word' id='word_1_174' title='bbox 532 2828 604 2887; x_wconf 85' lang='lat' dir='ltr'>nus¹</span> <span class='ocrx_word' id='word_1_175' title='bbox 619 2804 668 2879; x_wconf 89' lang='lat' dir='ltr'>ad</span> <span class='ocrx_word' id='word_1_176' title='bbox 686 2804 806 2881; x_wconf 90' lang='lat' dir='ltr'>vicem</span> <span class='ocrx_word' id='word_1_177' title='bbox 833 2806 1001 2883; x_wconf 91' lang='lat' dir='ltr'>Radleici</span> <span class='ocrx_word' id='word_1_178' title='bbox 1017 2810 1225 2905; x_wconf 87' lang='lat' dir='ltr'>recognovi.</span> <span class='ocrx_word' id='word_1_179' title='bbox 1253 2810 1352 2885; x_wconf 87' lang='lat' dir='ltr'>Data</span> <span class='ocrx_word' id='word_1_180' title='bbox 1373 2810 1477 2887; x_wconf 93' lang='lat' dir='ltr'>VlIll</span> <span class='ocrx_word' id='word_1_181' title='bbox 1491 2811 1672 2886; x_wconf 86' lang='lat' dir='ltr'>kalendas</span> <span class='ocrx_word' id='word_1_182' title='bbox 1699 2812 1799 2912; x_wconf 86' lang='lat' dir='ltr'>Julii,</span> 
     </span>
     <span class='ocr_line' id='line_1_24' title="bbox 341 2904 1798 3009; baseline 0.006 -29"><span class='ocrx_word' id='word_1_183' title='bbox 341 2908 402 2991; x_wconf 71' lang='lat'>²23·</span> <span class='ocrx_word' id='word_1_184' title='bbox 418 2904 493 2981; x_wconf 80' lang='lat' dir='ltr'>lun·</span> <span class='ocrx_word' id='word_1_185' title='bbox 532 2928 648 2995; x_wconf 87' lang='lat' dir='ltr'>anno,</span> <span class='ocrx_word' id='word_1_186' title='bbox 669 2906 812 2983; x_wconf 89' lang='lat' dir='ltr'>Christo</span> <span class='ocrx_word' id='word_1_187' title='bbox 827 2910 1002 3009; x_wconf 91' lang='lat' dir='ltr'>propitio,</span> <span class='ocrx_word' id='word_1_188' title='bbox 1018 2910 1170 2989; x_wconf 82' lang='lat' dir='ltr'>&#39;XVIIII</span> <span class='ocrx_word' id='word_1_189' title='bbox 1195 2912 1300 3008; x_wconf 88' lang='lat' dir='ltr'>regni</span> <span class='ocrx_word' id='word_1_190' title='bbox 1324 2910 1467 2987; x_wconf 90' lang='lat' dir='ltr'>domini</span> <span class='ocrx_word' id='word_1_191' title='bbox 1493 2913 1687 2991; x_wconf 90' lang='lat' dir='ltr'>Ludowici</span> <span class='ocrx_word' id='word_1_192' title='bbox 1708 2913 1798 2989; x_wconf 87' lang='lat' dir='ltr'>lere·</span> 
     </span>
     <span class='ocr_line' id='line_1_25' title="bbox 378 3006 1800 3115; baseline 0.004 -31"><span class='ocrx_word' id='word_1_193' title='bbox 378 3006 453 3115; x_wconf 60' lang='lat'>85²·</span> <span class='ocrx_word' id='word_1_194' title='bbox 531 3006 660 3085; x_wconf 81' lang='lat' dir='ltr'>nilirmi</span> <span class='ocrx_word' id='word_1_195' title='bbox 675 3012 770 3105; x_wconf 90' lang='lat' dir='ltr'>regis</span> <span class='ocrx_word' id='word_1_196' title='bbox 788 3012 826 3085; x_wconf 89' lang='lat' dir='ltr'>iu</span> <span class='ocrx_word' id='word_1_197' title='bbox 848 3012 1018 3088; x_wconf 88' lang='lat' dir='ltr'>orientali</span> <span class='ocrx_word' id='word_1_198' title='bbox 1041 3014 1224 3100; x_wconf 87' lang='lat' dir='ltr'>Francia,</span> <span class='ocrx_word' id='word_1_199' title='bbox 1248 3012 1442 3089; x_wconf 73' lang='lat' dir='ltr'>inditiioue</span> <span class='ocrx_word' id='word_1_200' title='bbox 1464 3016 1548 3094; x_wconf 87' lang='lat' dir='ltr'>XV.</span> <span class='ocrx_word' id='word_1_201' title='bbox 1573 3015 1715 3092; x_wconf 76' lang='lat' dir='ltr'>Atium</span> <span class='ocrx_word' id='word_1_202' title='bbox 1732 3017 1800 3090; x_wconf 76' lang='lat' dir='ltr'>Ge·</span> 
     </span>
     <span class='ocr_line' id='line_1_26' title="bbox 531 3110 1475 3193; baseline 0.008 -10"><span class='ocrx_word' id='word_1_203' title='bbox 531 3110 720 3185; x_wconf 72' lang='lat' dir='ltr'>ranarum</span> <span class='ocrx_word' id='word_1_204' title='bbox 737 3112 776 3188; x_wconf 89' lang='lat' dir='ltr'>in</span> <span class='ocrx_word' id='word_1_205' title='bbox 802 3112 872 3187; x_wconf 90' lang='lat' dir='ltr'>Dei</span> <span class='ocrx_word' id='word_1_206' title='bbox 886 3114 1036 3191; x_wconf 91' lang='lat' dir='ltr'>nomine</span> <span class='ocrx_word' id='word_1_207' title='bbox 1051 3114 1207 3191; x_wconf 87' lang='lat' dir='ltr'>feliciter</span> <span class='ocrx_word' id='word_1_208' title='bbox 1221 3136 1349 3193; x_wconf 72' lang='lat' dir='ltr'>amen.</span> <span class='ocrx_word' id='word_1_209' title='bbox 1472 3157 1475 3166; x_wconf 91' lang='lat'>·</span> 
     </span>
    </p>
   </div>
   <div class='ocr_carea' id='block_1_4' title="bbox 317 3308 1800 3631">
    <p class='ocr_par' dir='ltr' id='par_1_4' title="bbox 317 3308 1800 3631">
     <span class='ocr_line' id='line_1_27' title="bbox 317 3308 1800 3425; baseline 0.009 -33"><span class='ocrx_word' id='word_1_210' title='bbox 317 3320 530 3425; x_wconf 70' lang='lat' dir='ltr'>*nedfreu&#39;</span> <span class='ocrx_word' id='word_1_211' title='bbox 610 3313 966 3403; x_wconf 65' lang='lat' dir='ltr'>nnorDominieae</span> <span class='ocrx_word' id='word_1_212' title='bbox 976 3317 1269 3404; x_wconf 87' lang='lat' dir='ltr'>incarnationis</span> <span class='ocrx_word' id='word_1_213' title='bbox 1277 3312 1702 3408; x_wconf 82' lang='lat' dir='ltr'>DCCCLV.Samueli</span> <span class='ocrx_word' id='word_1_214' title='bbox 1712 3308 1800 3405; x_wconf 88' lang='lat' dir='ltr'>suc·</span> 
     </span>
     <span class='ocr_line' id='line_1_28' title="bbox 447 3426 1798 3631; baseline 0.007 -126"><span class='ocrx_word' id='word_1_215' title='bbox 447 3436 450 3447; x_wconf 88' lang='lat'>&#39;</span> <span class='ocrx_word' id='word_1_216' title='bbox 531 3438 538 3453; x_wconf 81' lang='grc'><em>·</em></span> <span class='ocrx_word' id='word_1_217' title='bbox 639 3426 749 3511; x_wconf 86' lang='lat' dir='ltr'>cellrr</span> <span class='ocrx_word' id='word_1_218' title='bbox 764 3426 1041 3540; x_wconf 77' lang='lat' dir='ltr'>EigelbertuS,</span> <span class='ocrx_word' id='word_1_219' title='bbox 1059 3458 1117 3517; x_wconf 88' lang='lat' dir='ltr'>ex</span> <span class='ocrx_word' id='word_1_220' title='bbox 1137 3430 1259 3547; x_wconf 87' lang='lat' dir='ltr'>iplius</span> <span class='ocrx_word' id='word_1_221' title='bbox 1276 3432 1604 3631; x_wconf 50' lang='lat' dir='ltr'>congregationis</span> <span class='ocrx_word' id='word_1_222' title='bbox 1619 3456 1798 3545; x_wconf 90' lang='lat' dir='ltr'>corpore</span> 
     </span>
    </p>
   </div>
   <div class='ocr_carea' id='block_1_5' title="bbox 505 3534 1806 4111">
    <p class='ocr_par' dir='ltr' id='par_1_5' title="bbox 505 3534 1806 4111">
     <span class='ocr_line' id='line_1_29' title="bbox 531 3534 1800 3657; baseline 0.005 -36"><span class='ocrx_word' id='word_1_223' title='bbox 531 3534 720 3639; x_wconf 74' lang='lat' dir='ltr'>eledlus,</span> <span class='ocrx_word' id='word_1_224' title='bbox 777 3544 820 3623; x_wconf 93' lang='lat' dir='ltr'>ui</span> <span class='ocrx_word' id='word_1_225' title='bbox 844 3540 889 3627; x_wconf 90' lang='lat'>&amp;</span> <span class='ocrx_word' id='word_1_226' title='bbox 907 3560 1129 3657; x_wconf 80' lang='lat' dir='ltr'>parentum</span> <span class='ocrx_word' id='word_1_227' title='bbox 1155 3542 1399 3647; x_wconf 85' lang='lat' dir='ltr'>nobilitate,</span> <span class='ocrx_word' id='word_1_228' title='bbox 1494 3536 1680 3630; x_wconf 81' lang='lat' dir='ltr'>universa</span> <span class='ocrx_word' id='word_1_229' title='bbox 1707 3570 1800 3627; x_wconf 90' lang='lat' dir='ltr'>mo·</span> 
     </span>
     <span class='ocr_line' id='line_1_30' title="bbox 532 3648 1800 3771; baseline 0 -33"><span class='ocrx_word' id='word_1_230' title='bbox 532 3678 629 3738; x_wconf 87' lang='lat' dir='ltr'>rum</span> <span class='ocrx_word' id='word_1_231' title='bbox 645 3648 754 3737; x_wconf 88' lang='lat' dir='ltr'>hone</span> <span class='ocrx_word' id='word_1_232' title='bbox 814 3674 856 3739; x_wconf 94' lang='lat' dir='ltr'>te</span> <span class='ocrx_word' id='word_1_233' title='bbox 904 3652 1112 3759; x_wconf 87' lang='lat' dir='ltr'>raeclarus,</span> <span class='ocrx_word' id='word_1_234' title='bbox 1131 3660 1250 3743; x_wconf 89' lang='lat' dir='ltr'>anuis</span> <span class='ocrx_word' id='word_1_235' title='bbox 1268 3684 1422 3745; x_wconf 90' lang='lat' dir='ltr'>novem</span> <span class='ocrx_word' id='word_1_236' title='bbox 1439 3655 1550 3742; x_wconf 85' lang='lat' dir='ltr'>felici</span> <span class='ocrx_word' id='word_1_237' title='bbox 1566 3650 1800 3771; x_wconf 79' lang='lat' dir='ltr'>dispensati-</span> 
     </span>
     <span class='ocr_line' id='line_1_31' title="bbox 505 3764 1801 3883; baseline 0.003 -35"><span class='ocrx_word' id='word_1_238' title='bbox 505 3812 509 3819; x_wconf 35' lang='grc' dir='ltr'><strong><em>ι</em></strong></span> <span class='ocrx_word' id='word_1_239' title='bbox 533 3793 613 3849; x_wconf 87' lang='lat' dir='ltr'>one</span> <span class='ocrx_word' id='word_1_240' title='bbox 631 3764 834 3851; x_wconf 88' lang='lat' dir='ltr'>creditam</span> <span class='ocrx_word' id='word_1_241' title='bbox 871 3769 927 3851; x_wconf 86' lang='lat' dir='ltr'>rbi</span> <span class='ocrx_word' id='word_1_242' title='bbox 946 3771 1059 3854; x_wconf 86' lang='lat' dir='ltr'>rexit</span> <span class='ocrx_word' id='word_1_243' title='bbox 1082 3769 1321 3874; x_wconf 77' lang='lat' dir='ltr'>ecclesiam,</span> <span class='ocrx_word' id='word_1_244' title='bbox 1349 3769 1466 3880; x_wconf 86' lang='lat' dir='ltr'>cujus</span> <span class='ocrx_word' id='word_1_245' title='bbox 1484 3791 1637 3883; x_wconf 89' lang='lat' dir='ltr'>rogatu</span> <span class='ocrx_word' id='word_1_246' title='bbox 1655 3766 1801 3883; x_wconf 87' lang='lat' dir='ltr'>praefa-</span> 
     </span>
     <span class='ocr_line' id='line_1_32' title="bbox 532 3879 1801 3997; baseline 0.002 -34"><span class='ocrx_word' id='word_1_247' title='bbox 532 3896 602 3963; x_wconf 92' lang='lat' dir='ltr'>tus</span> <span class='ocrx_word' id='word_1_248' title='bbox 620 3906 699 3964; x_wconf 87' lang='lat' dir='ltr'>rox</span> <span class='ocrx_word' id='word_1_249' title='bbox 715 3879 971 3967; x_wconf 90' lang='lat' dir='ltr'>Ludowicus</span> <span class='ocrx_word' id='word_1_250' title='bbox 987 3885 1151 3984; x_wconf 88' lang='lat' dir='ltr'>navim,</span> <span class='ocrx_word' id='word_1_251' title='bbox 1201 3882 1684 3997; x_wconf 85' lang='lat' dir='ltr'>ortumqueWormatiae</span> <span class='ocrx_word' id='word_1_252' title='bbox 1692 3882 1801 3976; x_wconf 87' lang='lat' dir='ltr'>Lau·</span> 
     </span>
     <span class='ocr_line' id='line_1_33' title="bbox 530 3912 1806 4111; baseline 0.004 -34"><span class='ocrx_word' id='word_1_253' title='bbox 530 3988 782 4081; x_wconf 87' lang='lat' dir='ltr'>reshamenli</span> <span class='ocrx_word' id='word_1_254' title='bbox 808 3990 1055 4081; x_wconf 85' lang='lat' dir='ltr'>monasterio</span> <span class='ocrx_word' id='word_1_255' title='bbox 1071 4022 1147 4111; x_wconf 89' lang='lat' dir='ltr'>per</span> <span class='ocrx_word' id='word_1_256' title='bbox 1165 3912 1271 4085; x_wconf 54' lang='lat' dir='ltr'>Kane</span> <span class='ocrx_word' id='word_1_257' title='bbox 1297 3991 1473 4085; x_wconf 82' lang='lat' dir='ltr'>eontulit</span> <span class='ocrx_word' id='word_1_258' title='bbox 1492 3994 1806 4083; x_wconf 68' lang='lat' dir='ltr'>auctoritatem.</span> 
     </span>
    </p>
   </div>
   <div class='ocr_carea' id='block_1_6' title="bbox 1565 4101 1739 4198">
    <p class='ocr_par' dir='ltr' id='par_1_6' title="bbox 1565 4101 1739 4198">
     <span class='ocr_line' id='line_1_34' title="bbox 1565 4101 1739 4198; baseline -0.052 0"><span class='ocrx_word' id='word_1_259' title='bbox 1565 4101 1739 4198; x_wconf 86' lang='lat' dir='ltr'><strong>XXXI.</strong></span> 
     </span>
    </p>
   </div>
   <div class='ocr_carea' id='block_1_7' title="bbox 0 0 2008 5417">
    <p class='ocr_par' dir='ltr' id='par_1_7' title="bbox 0 0 2008 5417">
     <span class='ocr_line' id='line_1_35' title="bbox 0 0 2008 5417; baseline 0 0"><span class='ocrx_word' id='word_1_260' title='bbox 0 0 2008 5417; x_wconf 95' lang='lat' dir='ltr'> </span> 
     </span>
    </p>
   </div>
  </div>
 </body>
</html>
