4000 5417
208 701 328 787 beatis
339 700 422 798 jure
435 702 617 793 habendi,
642 707 806 797 tenendi,
821 710 998 802 donandi,
1024 723 1295 814 commutandi,
1319 726 1358 804 dr
1374 733 1497 827 quid-⁵

209 803 299 898 quid
313 827 364 899 errx
375 804 449 903 ipsa
462 805 571 881 vinea
584 806 704 882 facere
720 811 928 900 volueritis,
954 815 1110 894 liberam
1123 844 1167 897 ac
1180 823 1418 912 finniffimani
1439 834 1479 910 in

208 904 381 979 omnibus
402 904 570 982 habeatis
591 908 817 1007 potestatem.
875 913 917 989 Si
941 916 1024 1013 quis
1042 941 1155 1011 vero,
1188 930 1289 1022 quod
1309 930 1478 1010 futurum

70 1054 72 1059 .
207 1005 360 1081 minime
373 1005 443 1081 effe
464 1008 593 1099 credo,
618 1009 645 1085 sr
665 1032 736 1122 ego
756 1011 853 1112 ipse,
878 1028 945 1093 aut
966 1020 1068 1097 ullus
1087 1046 1135 1098 ex
1147 1024 1352 1107 heredibus.
1364 1038 1479 1129 meis,

206 1104 267 1181 seu
281 1109 456 1205 quaelibet
480 1124 657 1188 extranea
671 1113 839 1211 persona,
866 1137 954 1213 quae
973 1135 1100 1201 contra
1119 1124 1218 1205 hanc
1242 1131 1481 1216 donationem

92 1264 94 1275 ,
150 1256 151 1261 a
183 1229 306 1310 ⁴ame
319 1208 454 1289 fatiam
475 1212 600 1289 venire
622 1216 877 1313 temptaverit,
908 1217 935 1293 sr
968 1224 1054 1319 quis
1074 1248 1160 1303 eam
1181 1232 1380 1332 infringere
1412 1254 1480 1317 aut

56 1344 59 1347 -
192 1308 403 1386 ‘inmutare
428 1314 602 1402 voluerit,
628 1315 798 1414 inprimis
819 1318 912 1394 tran
928 1322 998 1400 Dei
1013 1329 1273 1429 omnipotentis
1291 1338 1476 1434 incurrat,

205 1406 244 1485 δι
265 1410 409 1513 insuper
427 1414 564 1491 inferat
582 1417 772 1494 vobisuna
787 1443 875 1496 cum
889 1422 1297 1530 sacratiffimofiscoauri
1304 1440 1438 1521 libram
1447 1442 1476 1541 j,

202 1514 347 1607 argenti
363 1516 523 1613 pondera
533 1515 562 1613 jj
576 1520 698 1595 multa
712 1517 921 1613 substineat,
936 1526 1082 1627 &quod
1095 1538 1242 1634 repetit,
1259 1545 1475 1623 evendicare

201 1614 277 1687 non
297 1618 437 1705 valeat,
465 1618 526 1693 sed
546 1620 704 1718 praeiens
720 1620 870 1699 donatio
891 1624 958 1704 ista
974 1634 1076 1707 omni
1089 1647 1255 1736 tempore
1267 1641 1376 1722 firma
1391 1671 1474 1746 per.

201 1730 370 1805 maneat,
395 1718 625 1817 stipulatione
656 1722 821 1801 subnixa.
870 1723 1009 1807 Atrum
1035 1733 1075 1809 in
1103 1738 1294 1817 necatam
1329 1751 1474 1845 pubiioe

199 1814 236 1889 ΙΙ
264 1816 348 1893 idus
375 1817 527 1917 Aprilis.
595 1824 754 1921 Signum
775 1826 986 1921 Heiriradi‚
1026 1834 1091 1931 qui
1113 1837 1210 1916 hanc
1233 1843 1471 1927 donationem

134 1918 136 1923 ’
198 1912 277 1990 fieri
291 1921 461 2014 rogavit‚·
479 1922 623 2021 fignum
651 1926 889 2018 Maurilonis,
923 1933 1215 2032 Haginingonis,
1241 1946 1468 2044 Birichonis,
1503 1982 1555 2035 12.
1568 1965 1647 2053 apr.

198 2014 403 2112 sigiwini,
436 2022 609 2121 Sigerici,
635 2026 802 2107 Aiboidi.
855 2032 938 2130 Ego
953 2034 1158 2136 Wiglarius
1177 2044 1306 2147 scripti.

738 2247 1043 2346 CCCCXVHI.

249 2358 429 2451 Donatio
455 2366 619 2477 liudolfi
642 2370 684 2459 in
708 2379 838 2463 eadem
862 2383 980 2486 villa,
1015 2416 1119 2476 anno
1143 2392 1277 2487 'XVI
1293 2400 1415 2513 regni
1453 2498 1461 2505 ‚
1548 2448 1553 2454 -

215 2497 221 2505 '
553 2582 557 2589 ,
665 2486 840 2603 Papini
864 2494 987 2607 regis.
1167 2530 1170 2536 ·

191 2646 242 2773 ln
268 2638 400 2715 Christi
422 2643 574 2723 nomine
594 2673 662 2747 ego
676 2652 861 2733 Rudolfus
875 2660 941 2758 pio
959 2665 1124 2743 remedio
1147 2672 1285 2755 animae
1305 2699 1400 2760 meae
1423 2682 1464 2764 ἀ
1520 2705 1523 2711 ’
1578 2736 1582 2740 ‹

242 2742 408 2831 germani
423 2745 496 2816 mei
511 2746 709 2843 Reginoldi
734 2759 910 2853 perhanc
933 2771 1115 2845 cartulam
1136 2774 1345 2856 donationis
1367 2786 1467 2863 dono
1586 2878 1591 2887 ,
1657 2826 1662 2837 ·

194 2834 242 2907 ad
255 2834 416 2913 santium
432 2841 500 2913 Dei
526 2862 731 2943 martyrem
745 2856 792 2930 N.
815 2861 877 2954 qui
892 2867 1085 2959 requiescit
1098 2872 1138 2947 in
1151 2898 1301 2976 corpore
1316 2884 1355 2958 in
1367 2898 1465 2982 pago

192 2933 358 3024 Rinensr,
395 2937 433 3014 in
455 2944 688 3036 monasterio,
714 2957 813 3047 quod
840 2964 1046 3057 appellatur
1066 2972 1324 3070 Laureshnrrr,
1359 2984 1464 3086 super
1559 3005 1561 3009 '

191 3033 348 3113 fluvium
371 3037 546 3127 wiffeoz,
578 3047 643 3121 ubi
659 3051 715 3126 vir
731 3062 951 3137 venerabilis
972 3066 1240 3155 Gundelairdus
1260 3083 1356 3160 abba
1370 3112 1466 3186 prae-

191 3135 259 3213 effe
286 3141 457 3231 videtur,
491 3140 741 3251 donatumque
762 3156 802 3233 in
822 3180 1041 3263 perpetuum
1062 3172 1132 3249 effe
1154 3181 1267 3271 volo,
1290 3185 1362 3261 hoc
1388 3190 1464 3281 est,

190 3261 270 3315 rem
292 3261 417 3319 meam
430 3244 481 3319 ¹in
502 3248 767 3347 Scrizzesher'm,
797 3285 915 3340 unum
930 3272 1101 3350 uranium
1123 3302 1210 3356 cum
1227 3284 1309 3360 casa
1321 3285 1362 3363 &
1385 3312 1464 3367 mo

189 3340 284 3430 lino,
310 3343 532 3447 vineamque
541 3346 568 3445 j,
585 3352 682 3458 adie
696 3360 870 3455 praesente
884 3368 931 3443 de
948 3368 1032 3465 jure
1045 3398 1129 3453 meo
1151 3381 1262 3478 injus
1284 3385 1323 3461 dr
1344 3390 1463 3465 dorni·

187 3442 292 3517 nium
311 3445 420 3524 sansti
436 3448 587 3531 Nazarii
607 3461 869 3556 perpetualiter
881 3469 931 3544 ad
945 3472 1213 3569 poffidendum,
1235 3484 1345 3561 itaut
1358 3491 1460 3568 dein·
1483 3580 1485 3582 .

187 3544 1457 3767 rrtatararii0ttarra³iarsrrrat⁵’

186 3745 338 3835 tavent,
362 3750 443 3825 auri
474 3760 622 3837 unciam
641 3760 672 3859 j,
707 3768 852 3863 argenti
881 3775 1009 3851 uncias
1039 3776 1075 3875 vj
1110 3782 1229 3862 muita
1249 3718 1459 3892 componit,

137 3866 143 3871 ·
183 3840 224 3918 dt
266 3858 392 3925 tamen
416 3878 433 3939 ,·
470 3862 573 3957 quod
618 3867 752 3963 repetit
782 3924 793 3959 ,
849 3877 1065 3955 evendicare
1108 3906 1183 3960 non
1224 3892 1455 3998 valeat3stipn

149 3952 156 3957 '
182 3942 320 4029 latione
346 3952 534 4069 sponna!
588 3962 731 4063 Aenon
749 3970 790 4051 in
822 3976 1041 4062 monasterio
1055 3982 1304 4085 ,herniam
1324 3996 1454 4079 karen

1330 4100 1405 4178 das
