4000 5417
645 449 702 506 rrr
728 445 855 506 erro
879 425 1172 506 Rrrnurnsr,
1448 459 1524 538 305

1344 599 1523 627 m

242 866 425 969 Donatio
450 863 632 960 Dorionis
650 867 693 952 in
717 730 1014 970 Letetffita
1032 889 1136 951 anno
1160 863 1262 955 XV
1279 843 1521 988 regnisPip·

534 977 631 1093 pini
646 977 780 1092 regis,
797 978 1056 1070 Gundelando
1074 977 1228 1065 abbate.

242 1117 400 1264 Egoin
412 1117 482 1194 Dei
495 1116 645 1193 nomine
668 1116 776 1193 Dodo
789 1118 998 1214 recogitans
1010 1116 1057 1193 de
1078 1116 1241 1218 peccatis
1256 1116 1374 1209 meis,
1401 1117 1441 1196 dc
1454 1143 1519 1200 au-

321 1221 426 1297 diens
439 1219 536 1297 illud
549 1221 775 1320 praeconlum
802 1219 951 1298 Domini
963 1220 1147 1296 dicentis:
1174 1222 1260 1296 date
1280 1220 1517 1301 elemosmarn

242 1322 282 1404 dt
295 1348 381 1400 ecce
401 1323 528 1400 omnia
541 1323 683 1402 munda
694 1322 778 1397 sunt
795 1320 917 1411 vobis,
941 1323 1078 1399 idcirco
1091 1345 1157 1422 pro
1182 1321 1253 1398 Dei
1273 1324 1426 1415 intuitu,
1453 1326 1516 1402 vel

241 1448 308 1528 pro
324 1427 461 1504 animae
475 1448 570 1506 meae
584 1423 766 1512 remedio,
781 1421 843 1500 seu
852 1444 923 1522 pro
936 1439 1078 1502 aeterna
1092 1423 1331 1504 retributione
1337 1449 1402 1527 per
1415 1429 1516 1506 hanc

241 1529 430 1607 kartulam
457 1528 668 1606 donationis
697 1525 772 1603 srve
801 1524 1005 1604 testamenti
1029 1529 1125 1602 dono
1153 1528 1201 1602 ad
1237 1528 1514 1607 sacratiffimum
1550 1603 1561 1610 .

243 1631 313 1707 Dei
331 1621 540 1727 'martyrem
565 1629 797 1716 Namrium,
823 1627 889 1724 qui
910 1628 1101 1732 requiescit
1124 1629 1162 1704 in
1187 1653 1337 1730 corpore
1352 1631 1391 1708 in
1417 1657 1514 1732 pago

242 1731 390 1808 Rinensr
403 1734 442 1806 in
457 1731 695 1820 monasterio,
721 1728 824 1829 quod
838 1744 993 1805 vocatur
1009 1730 1238 1806 Lauresharn
1257 1786 1267 1819 ,
1293 1755 1371 1807 rem
1386 1757 1513 1809 meam
1634 1733 1638 1744 '

241 1832 281 1907 in
296 1835 376 1907 loco
402 1832 536 1907 Leirirn
551 1845 785 1934 nuncupato,
811 1843 892 1908 tam
911 1830 1045 1919 terris,
1071 1829 1227 1925 mansis,
1253 1835 1412 1930 campis,
1428 1856 1512 1932 pra·
1561 1857 1627 1872 *⁶¹

240 1933 317 2021 tis,
343 1932 507 2032 pascuis,
531 1937 693 2034 perusin,
719 1933 840 2024 silvis,
866 1931 999 2030 aquis,
1028 1954 1257 2028 aquarumve
1277 1933 1513 2025 decursrbus,

240 2033 280 2111 dt
296 2049 623 2134 quantumcunque
637 2038 677 2113 ln
690 2035 764 2136 ipsa
777 2036 934 2112 marcha
947 2033 1083 2110 habere
1099 2034 1249 2123 videor,
1276 2049 1397 2112 toturn
1410 2034 1449 2113 δι
1466 2036 1515 2111 ad

239 2135 426 2232 integrum
439 2160 463 2213 a
477 2138 537 2213 die
550 2139 727 2237 praesente
742 2136 789 2212 de
799 2136 883 2235 jure
896 2159 981 2212 meo
994 2135 1034 2210 in
1044 2132 1107 2232 jus
1132 2135 1171 2214 dc
1184 2137 1389 2214 domimum
1398 2136 1510 2212 santii

237 2237 285 2314 N.
302 2237 409 2313 trado
435 2250 546 2336 atque
568 2240 815 2327 transfundo,
842 2235 886 2316 ἔθ’
906 2247 1021 2312 cetera
1043 2239 1189 2327 omnia,
1214 2263 1343 2336 usquc:
1369 2239 1449 2316 auri
1465 2239 1512 2314 li·

236 2339 344 2416 bram
353 2336 383 2434 j,
400 2340 544 2436 argenti
556 2343 719 2440 pondera
728 2337 854 2437 jj,&c:
863 2338 1003 2416 Astum
1017 2339 1056 2416 in
1069 2337 1287 2416 monasterio
1295 2339 1512 2440 Lartrrslrnm

114 2464 118 2475 ·
208 2444 212 2450 '
235 2439 301 2516 sub
314 2440 376 2517 die
388 2441 476 2520 VIII
491 2442 672 2521 kalendas
688 2440 793 2539 Maji.
820 2441 980 2538 Signum
992 2441 1178 2530 DodonIs,
1206 2443 1271 2539 qui
1286 2440 1384 2518 hanc
1398 2443 1513 2519 dona·
1550 2469 1608 2534 24.
1618 2449 1696 2533 Apr.

234 2541 378 2623 tionem
391 2542 478 2624 fecit
491 2542 531 2624 dt
544 2543 686 2626 firmari
698 2542 859 2644 rogavit.
886 2545 970 2643 Ego
995 2544 1150 2625 Samuel
1164 2557 1318 2642 rogatus
1329 2541 1459 2647 scripsi.

830 2745 937 2838 ccl,

237 2875 418 2969 Duratio
445 2874 653 2965 Ludaaicr'
680 2878 722 2964 in
748 2875 911 2967 Lelrer‘m
926 2906 1030 2968 arno
1061 2879 1131 2972 VI
1148 2877 1266 2994 regni
1281 2877 1431 2968 domini
1443 2905 1510 2970 rto·

291 2985 376 3101 stri
389 2987 537 3076 Karoli
555 2986 694 3098 magni
703 2989 994 3101 Imperatoris,
1020 2991 1275 3083 &adolando
1293 2993 1446 3082 abbate.

236 3162 291 3294 In
315 3150 449 3232 Christi
471 3151 621 3231 nomine
646 3175 716 3250 ego
740 3152 965 3237 Ludewicus
985 3182 1053 3261 pro
1078 3159 1239 3238 remedio
1258 3161 1394 3238 animae
1425 3159 1510 3237 Fol-

289 3256 415 3334 mndae
429 3255 527 3333 dono
552 3256 602 3332 ad
619 3253 779 3332 santium
806 3257 1010 3341 Nazarium
1024 3277 1245 3362 martyrem,
1271 3263 1337 3360 qui
1350 3261 1512 3359 requies-

122 3425 125 3432 .
238 3358 343 3434 citin
365 3381 515 3459 corpore
535 3359 575 3435 in
600 3357 846 3450 monasterio,
871 3365 970 3462 quod
983 3378 1139 3442 vocatur
1163 3365 1414 3450 Lauresham,
1431 3382 1512 3436 rem

140 3456 147 3474 ⁸
237 3481 364 3535 meam
377 3463 527 3561 inpage
546 3460 710 3564 Rinrnfi,
734 3460 806 3536 hoc
823 3462 892 3551 est,
917 3466 958 3542 in
978 3465 1116 3539 marm
1126 3465 1292 3563 jurnales
1302 3461 1331 3558 jj
1350 3464 1397 3538 de
1412 3475 1512 3538 terra
1612 3493 1707 3546 εἷς

239 3563 426 3651 araturia,
454 3562 552 3638 &de
568 3577 694 3662 prato,
718 3562 817 3638 unde
830 3562 973 3660 possunt
983 3565 1109 3660 colligi
1130 3567 1215 3639 dum
1233 3565 1396 3638 carradae
1416 3561 1509 3650 feni,

175 3753 180 3762 .
240 3660 337 3734 adie
351 3663 529 3759 praesente
549 3667 657 3741 trado
679 3677 793 3761 atque
820 3665 1041 3741 transfundo
1063 3665 1101 3739 in
1126 3665 1197 3740 Dei
1216 3663 1372 3740 nomine·
1384 3685 1511 3764 perpe·

238 3761 389 3836 tualiter
404 3764 453 3837 ad
466 3764 725 3860 poffidendum.
777 3762 917 3842 Atrum
929 3767 971 3843 ln
986 3765 1205 3842 monasterio
1219 3763 1430 3840 Lauresham
1446 3764 1509 3840 sub
1528 3801 1529 3806 ¹
1670 3832 1679 3847 .

238 3861 299 3938 die
313 3863 366 3938 III
379 3865 558 3940 kalendas
572 3868 683 3966 JunIi.
703 3865 1077 3963 SignumLudeWIci,
1092 3867 1158 3970 qui
1171 3865 1514 3946 hancdonationem
1547 3829 1692 3920 ΜΨ·

237 3960 341 4043 iecit.
370 3965 451 4064 Ego
462 3965 615 4046 Samuel
629 3980 783 4068 rogatus
797 3969 926 4072 scripsi.

867 4069 966 4189 Qq
1329 4067 1453 4164 CCII.
