4000 5417
485 481 623 598 ¹Suc.
651 483 705 564 XI
730 481 994 564 Hurunrco
1020 479 1074 565 lV
1099 504 1208 564 rnre.
1401 509 1473 571 221

206 823 278 878 nus
292 794 530 895 congregatio
543 818 639 870 nunc
653 793 741 870 inibi
755 795 961 870 coadunata
977 792 1037 870 vel
1051 791 1222 892 deinceps
1236 792 1376 872 Christo
1390 818 1475 895 pro-

207 905 298 1004 pitio
312 897 583 984 coadunanda,
610 919 767 995 quaeque
779 895 961 985 concello,
987 896 1149 985 donata,
1175 899 1392 974 concambio
1412 899 1475 976 seu

207 1003 326 1106 pretio
341 999 531 1088 adtratia,
557 998 619 1074 sub
635 996 747 1095 hujus
763 999 977 1076 auctoritate
997 1013 1171 1097 perpetua
1192 1012 1318 1076 teneat
1337 999 1473 1078 stabili·

207 1121 315 1182 tate..
350 1101 457 1191 Quod
470 1114 514 1176 ut
527 1099 704 1176 robustius
718 1113 906 1190 teneatur,
931 1097 1009 1177 &a
1029 1099 1179 1200 posteris
1190 1101 1333 1180 firmius
1346 1103 1475 1180 creda·

206 1219 293 1293 tur,
319 1205 480 1302 undique
506 1202 827 1302 circumspectum,
852 1225 928 1276 non
949 1199 1095 1291 nostro,
1120 1202 1181 1279 sed
1201 1205 1349 1304 patroni
1368 1205 1477 1283 nostrl

206 1307 356 1386 Nazarii
385 1305 503 1404 sigillo
524 1304 714 1383 voluimus
733 1302 921 1401 infigniri,
947 1302 1027 1380 Deo
1048 1305 1220 1382 videlicet
1242 1305 1365 1382 dileffl
1377 1329 1478 1384 mar·

206 1409 301 1507 tyris
318 1433 361 1484 ac
376 1406 538 1508 specialis
554 1403 619 1484 sua
643 1405 848 1508 patrocimo
861 1404 1105 1502 quaerentium
1120 1407 1344 1506 protesteris.
1385 1409 1476 1488 Tra·

206 1511 296 1588 ditio
312 1513 416 1588 cellae
430 1509 526 1586 fasta
538 1509 590 1586 est
604 1508 719 1608 pridie
734 1507 818 1584 idus
830 1506 1058 1605 Septembris
1075 1533 1171 1586 anno
1196 1509 1402 1590 Dominicae
1416 1512 1474 1591 in·
1562 1567 1567 1572 -

206 1613 428 1692 carnationis
452 1610 737 1699 DCCCXVIIII,
754 1609 944 1686 inditiioue
958 1609 1042 1699 XII,
1059 1634 1155 1686 anno
1171 1623 1298 1692 autem
1318 1613 1370 1691 VI
1395 1615 1472 1694 Lu·

101 1731 103 1736 ’
205 1715 343 1793 dowici
368 1714 611 1812 imperatoris,
642 1711 682 1790 &
707 1711 798 1790 XVI
847 1708 1041 1808 Adalungi
1066 1709 1223 1788 abbatis.
1275 1715 1473 1794 Adventus
1520 1721 1524 1729 ’

206 1831 333 1894 autem
356 1815 516 1892 fratrum
536 1813 576 1890 in
600 1837 646 1890 ea
665 1812 784 1891 iatius
803 1809 856 1888 est
881 1811 920 1886 in
941 1811 1162 1910 parasceve,
1189 1813 1287 1908 quod
1307 1830 1389 1891 erat
1402 1819 1485 1896 llll.

204 1915 385 1995 kalendas
411 1914 571 2014 Aprilis,
597 1939 693 1992 anno
706 1913 876 2013 ejusdem
889 1911 1153 1990 incarnationis
1178 1913 1394 2004 MLXXIII,
1414 1917 1472 1992 in·

204 2019 360 2094 dictione
374 2017 439 2105 Xl,
456 2039 553 2092 auno
569 2041 658 2094 vero
678 2017 786 2098 XVII
837 2014 1005 2092 Heinrici
1018 2013 1145 2113 (IIII)
1158 2013 1267 2110 regist,
1280 2013 1474 2096 &XVIIII

204 2119 370 2196 Udalrici
396 2117 552 2196 abbatis.
606 2119 703 2194 lstud
725 2117 840 2194 etiam
862 2115 1121 2193 testamentum
1145 2116 1284 2192 facium
1302 2115 1353 2194 est
1375 2141 1472 2195 anno

202 2221 387 2318 praedielae
401 2219 661 2294 incarnationis
677 2217 836 2308 MXCV,
844 2217 1038 2294 indistione
1052 2217 1133 2306 llll,
1143 2241 1238 2310 anno
1251 2239 1398 2318 quoque
1405 2221 1475 2298 XL

202 2320 350 2420 praefati
375 2319 563 2416 regis„&
585 2319 671 2398 VIII
696 2317 896 2396 Anshelmi
922 2319 1079 2394 abbatis.
1131 2319 1214 2414 Ego
1233 2319 1360 2417 itaque
1385 2323 1478 2400 Not-

201 2421 311 2497 lrerus
326 2420 389 2496 etii
404 2418 576 2516 indignus
591 2419 831 2520 presbyter&
849 2421 1055 2497 monachus
1065 2416 1161 2516 julio
1175 2419 1314 2496 domini
1331 2423 1477 2500 abbatis
1515 2436 1568 2506 27·
1584 2418 1667 2491 0&

202 2519 399 2598 Anshelmi
413 2522 484 2598 hoc
507 2522 766 2600 testamentum
783 2521 946 2622 descripsi
968 2575 979 2611 ,
1006 2518 1213 2618 diesque&
1233 2535 1403 2624 tempora
1422 2527 1477 2603 di·
1538 2525 1634 2592 1095·

202 2623 358 2721 ligenter
371 2623 527 2701 distinxi.
580 2625 723 2704 Datum
739 2622 792 2706 Vl
807 2624 988 2702 kalendas
1015 2621 1239 2704 Novembris
1261 2624 1301 2702 in
1323 2625 1394 2704 Dei
1409 2651 1475 2704 no·
1499 2668 1502 2673 >

201 2725 301 2802 mine
322 2725 475 2803 feliciter
491 2746 611 2808 amen

73 2996 77 3003 .
200 2928 431 3099 Longum
446 2927 468 2976 ⁸
486 2924 543 3006 est
567 2925 794 3022 evolvere,
852 2925 1003 3014 ualiter
1028 2925 1095 3012 hic
1118 2926 1368 3018 venerabilis
1403 2941 1684 3045 padnedrreb,

302 3053 395 3135 ter,
425 3053 519 3117 ante
548 3031 593 3118 dt
616 3035 705 3146 post
732 3062 776 3118 re
846 3036 1027 3124 idearum
1054 3069 1112 3128 ex
1136 3045 1336 3130 incendiis
1362 3043 1472 3132 Lau·
1539 3031 1625 3119 seqq.
1694 3145 1698 3150 ,

200 3139 551 3234 reshammensem
575 3141 804 3250 ecclesiam,
834 3173 1031 3238 ornatum
1048 3181 1217 3288 quoque
1242 3152 1471 3245 ecclefiasti·

200 3288 332 3364 cum,
362 3285 489 3392 quem
510 3253 768 3370 Winitherus
791 3265 952 3349 ambitu
981 3264 1237 3377 Symomaco
1259 3268 1469 3386 expllave·

202 3395 288 3480 rat,
317 3373 363 3462 ὃ(
380 3401 423 3458 ru
439 3369 563 3459 vadia
582 3363 852 3567 exposuerat,
882 3372 1062 3488 plurima
1090 3407 1147 3464 ex
1165 3404 1284 3514 parte
1303 3409 1469 3496 reeupe-

202 3489 356 3574 raverit
368 3537 384 3588 ,-
408 3485 453 3573 dr
473 3485 610 3569 curias
646 3481 882 3598 upradidias
910 3482 994 3572 suae
1011 3487 1263 3603 dispofinoni
1286 3494 1468 3600 restitue

200 3601 269 3686 rit.
297 3597 391 3686 Nec
406 3596 471 3683 his
489 3616 741 3698 contentus,
770 3591 971 3682 familiam
991 3627 1161 3712 quoque
1178 3601 1358 3690 ecclefiae
1372 3634 1468 3689 eon·

199 3730 266 3795 tra
285 3707 539 3822 obprellores
564 3705 659 3806 suos
683 3709 813 3824 coepit
837 3705 1016 3796 viriliter
1040 3715 1374 3804 manutenere&
1400 3716 1469 3801 de·

200 3818 400 3920 sendere,
431 3824 700 3936 maximeque
721 3817 942 3909 adversum
970 3821 1170 3912 Berlholfi
1192 3825 1386 3916 advocati
1404 3851 1485 3944 ty··

200 3933 445 4036 renuidem,
476 3936 548 4048 qui
575 3935 654 4022 fuit
678 3935 801 4022 mdlx
827 3940 1045 4054 peccatrix
1073 3935 1340 4050 hujusmodi,
1369 3970 1469 4057 quoe

202 4043 336 4134 adhuc
362 4047 526 4162 vigent,
545 4047 844 4258 mffimnli’
873 4077 1003 4164 quem
1029 4050 1212 4163 ideru'B.
1229 4079 1329 4142 cum
1362 4051 1468 4144 mili-

773 4227 777 4232 -
856 4192 880 4252 e
910 4195 935 4282 3
1132 4233 1142 4242 -
1355 4170 1415 4258 tiu
