4000 5417
444 486 450 497 ·
516 488 572 543 ιιι
600 488 726 542 enno
752 465 1137 543 Lononnnnns1.
1414 486 1498 571 333,
1549 524 1556 535 .

1314 682 1498 705 Μ

221 772 331 871 ipfius
344 771 499 869 duplam
520 768 738 867 peccuniam
762 768 918 845 sociante
933 768 1018 845 fisco
1033 770 1114 846 auri
1128 768 1257 845 uncias
1272 766 1320 864 jj,
1345 774 1486 865 argenti

71 897 73 908 ·
220 873 384 970 pondera
394 870 449 968 jjjj
466 872 586 945 multa
613 870 808 957 sustineat,
834 870 989 966 &quod
1006 873 1161 970 repetit,
1188 870 1400 946 evendicare
1415 896 1489 950 non

220 974 372 1060 valeat,
390 974 450 1047 sed
462 972 620 1072 praesens
637 971 699 1045 ista
714 972 863 1047 donatio
878 972 986 1049 firma
1001 972 1040 1050 dc
1056 971 1195 1048 stabilis
1205 986 1417 1069 permaneat
1434 974 1489 1048 sti-

222 1075 410 1172 pulatione
424 1073 591 1148 subnixa.
646 1071 780 1148 Acium
803 1074 841 1148 in
863 1074 1079 1150 monasterio
1105 1074 1335 1149 Lauresham
1350 1074 1413 1149 sub
1431 1075 1490 1150 die

222 1176 261 1251 dc
275 1190 456 1273 tempore,
484 1198 557 1271 quo
573 1175 690 1273 supra.
745 1174 901 1269 Signum
919 1177 1099 1263 Ratfridi,
1125 1176 1191 1272 qui
1207 1176 1302 1251 hanc
1322 1176 1491 1251 donatio·

223 1298 308 1355 nem
325 1278 431 1365 fecit,
458 1275 600 1372 signum
627 1275 810 1363 Geroidin
828 1277 1031 1375 waltheri,
1060 1278 1281 1354 Erkanfridi.
1308 1278 1392 1375 Ego
1408 1277 1492 1355 Gri-

227 1377 369 1454 marius
385 1392 537 1477 rogatus
552 1374 681 1476 scripsi.
1262 1374 1300 1388 ”
1490 1440 1494 1448 .

766 1472 1039 1570 CCCXXIII.

221 1606 401 1702 Donatio
431 1607 630 1699 Nithardi
649 1608 701 1705 δι’
731 1606 988 1721 Richgardne
1004 1612 1045 1697 in
1071 1612 1199 1699 eadem
1224 1610 1318 1699 villa
1348 1612 1496 1706 VIIII

278 1721 461 1809 kalendas
487 1722 611 1840 Julii
639 1750 741 1807 anino
765 1722 817 1811 X
831 1724 947 1850 pegni
964 1724 1110 1850 dontini
1134 1724 1255 1833 nostri
1286 1724 1434 1814 Karoli

715 1860 849 1945 mngm
865 1864 1005 1947 ,regin

222 2007 322 2139 Nos
336 1999 374 2074 in
400 1998 532 2077 Christi
547 2001 696 2076 nomine
722 1998 926 2116 Nichardus
942 2000 980 2078 ὃ(
995 1998 1129 2097 conjux
1146 2023 1230 2118 mea
1256 2000 1411 2078 Richart
1426 1990 1495 2118 dp?

305 2123 440 2177 namus
461 2102 509 2176 ad
530 2101 691 2177 sancium
718 2102 787 2175 Dei
811 2116 1015 2198 martyrem
1043 2103 1267 2191 Nazanum,
1293 2105 1358 2201 qui
1373 2126 1495 2200 requi·

222 2202 313 2278 escit
332 2203 370 2277 in
397 2224 546 2301 corpore
567 2205 605 2279 in
628 2226 724 2303 pago
750 2201 925 2290 Rinensi‚
951 2204 990 2278 in
1005 2203 1240 2290 monasterio,
1267 2204 1368 2300 quod
1382 2228 1492 2280 voca·

86 2348 102 2376 *0
222 2316 295 2387 tur⁸
309 2285 563 2391 Lauresham,
590 2303 695 2401 super
716 2303 872 2379 fluvium
898 2303 1054 2383 Wiffcoz
1067 2304 1159 2393 fito,
1185 2305 1248 2379 ubi
1264 2306 1321 2383 vir
1342 2312 1495 2381 venera·

222 2404 309 2479 bilis
334 2404 598 2479 Gundelandus
612 2404 728 2479 abbas
744 2404 888 2502 praeeffe
904 2405 1068 2491 videtur,
1094 2390 1344 2503 donatumqu'e
1360 2407 1398 2481 in
1412 2427 1496 2505 pere

222 2518 376 2606 petuum
391 2504 459 2579 eiie
481 2505 566 2581 volo
588 2527 666 2580 rem
689 2504 848 2581 nostram
868 2508 907 2579 in
933 2506 1185 2581 Loboduninse
1198 2508 1238 2581 in
1263 2506 1495 2603 Hnntscelus·

222 2606 308 2681 heim
324 2607 491 2703 quintam
513 2622 656 2705 partem
671 2607 716 2682 de
734 2606 842 2682 vinea
856 2606 884 2695 I,
912 2604 1088 2703 quaejam
1101 2607 1212 2697 vinea
1233 2607 1302 2684 fuit
1322 2608 1362 2685 δι
1384 2608 1496 2683 modo

224 2706 389 2794 nonest,
417 2730 437 2783 a
455 2710 513 2783 die
527 2708 704 2807 praesente
725 2710 910 2807 tradimus
932 2724 1044 2810 atque
1058 2710 1369 2797 trancfundimum
1385 2709 1437 2785 ita
1446 2720 1495 2784 ut

226 2807 397 2901 deinceps
423 2808 472 2881 ad
486 2808 604 2903 ipsum
618 2812 742 2893 locum
760 2809 941 2897 fandum,
968 2813 1028 2886 vel
1044 2812 1092 2885 ad
1107 2826 1258 2907 agentes
1272 2810 1380 2910 ipsius
1393 2809 1497 2885 omni

223 2914 394 3000 ¹tempore
411 2903 576 2999 proficiat
600 2907 640 2981 in
654 2912 887 3001 augmentis,
914 2910 1072 3007 stipulat.
1089 2914 1253 3009 subnixa,
1305 2910 1442 2987 Acium
1457 2912 1498 2986 in

232 3000 452 3079 monasterio
474 3002 688 3077 Lauresham·
702 3006 761 3079 die
775 3007 814 3082 dc
829 3022 995 3105 tempore
1010 3034 1083 3109 quo
1097 3013 1214 3112 supra.
1231 3011 1387 3108 Signum
1413 3012 1498 3091 Nit·
1647 3073 1656 3083 .

224 3105 370 3183 -hardus
396 3104 434 3181 δι
460 3104 699 3198 Richgartae,
726 3108 790 3203 qui
813 3108 911 3183 hanc
937 3110 1175 3191 donationem
1196 3114 1277 3191 fieri
1298 3112 1337 3191 &
1357 3110 1499 3192 firmari

232 3218 465 3307 rogaverunt.
519 3206 601 3303 Ego
627 3207 833 3287 Grimarius
848 3210 974 3312 scripsi.

598 3454 602 3461 ·
733 3410 1009 3507 CCCXXIV.

71 3536 75 3543 ⁴
232 3536 412 3629 Donatio
435 3536 694 3631 Theuttindae
714 3540 755 3630 in
783 3541 1157 3746 Hantpcduheslzeim
1175 3546 1325 3637 IInon.
1350 3542 1552 3636 Martii·
1693 3601 1695 3604 -

262 3678 364 3737 anno
380 3654 435 3741 X
444 3655 561 3765 regni
582 3653 865 3856 domiip'elippzsllizi
884 3656 1181 3856 ammagni
1207 3654 1338 3767 regis,
1367 3658 1474 3748 Gun-

233 3905 287 4034 ln
299 3893 434 4011 ,ch-rim
447 3898 593 4015 nomine
608 3924 677 3997 ego
693 3902 850 4020 Diepiint
864 3902 1017 4019 donond
1032 3899 1200 4018 sancium
1207 3913 1412 4001 martyrem
1426 3902 1503 3981 Na·

289 4017 457 4090 zanum,
484 4020 550 4097 qm
563 4004 965 4184 ‘equiesfitmmcfpgf
980 4027 1020 4079 m
1032 4025 1131 4103 pago
1155 4004 1302 4083 Rmcnfi
1325 4007 1506 4187 ipenrppna·

1441 4160 1453 4198 Ι
