4000 5417
501 397 562 458 nt
588 389 716 455 esso
742 365 1121 474 Losonuulittst.
1360 388 1441 482 532

115 560 118 571 .
162 539 698 572 W

293 744 304 769 x
343 809 535 908 Duratio.
553 675 1044 916 Hataonlfflimami,
1070 809 1249 904 Geroldi.
1298 739 1301 743 ἵ

35 1043 37 1046 .
159 977 323 1118 Eodem
345 995 530 1057 annones
553 979 593 1056 in
618 979 688 1056 Dei
703 976 853 1054 nomine
878 977 1043 1069 Haddo,
1069 979 1273 1067 Titmann‚
1298 974 1439 1055 Gerold
1492 1011 1499 1014 ·

144 1149 146 1152 ,
240 1080 279 1159 dt
294 1084 452 1172 Gerniu‚
478 1082 640 1180 genitrix
655 1080 792 1167 nostra,
818 1101 883 1178 pro
892 1082 1056 1157 remedio
1072 1081 1242 1157 animaru
1324 1077 1437 1155 ostra·
1590 1083 1596 1088 ⁴

161 1205 247 1261 rum
261 1184 444 1260 donamus
458 1187 506 1261 ad
522 1184 685 1260 santium
710 1182 909 1260 Nazarium
925 1197 1130 1280 martyrem
1143 1102 1439 1279 manium
1528 1153 1683 1339 ‘impl
1717 1115 1944 1340 oiim

162 1285 203 1362 in
231 1283 397 1385 diopistim
419 1309 506 1362 cum
532 1285 687 1365 aedificio
709 1281 953 1383 superposito,
980 1284 1020 1362 δι
1042 1286 1243 1386 pomariis,
1275 1284 1315 1362 dt
1338 1298 1440 1360 terra

164 1387 320 1476 arabili,
338 1389 479 1487 pratis,
505 1387 606 1466 siluis
619 1387 659 1465 dt
672 1385 864 1475 omnibus,
890 1407 976 1484 quae
991 1387 1031 1465 in
1054 1388 1128 1487 ipsa
1153 1409 1281 1464 marca
1300 1386 1439 1479 habere
1478 1423 1483 1427 -
1529 1383 1661 1442 ἶς’

162 1488 402 1578 diluimus,
428 1489 467 1567 δι
483 1488 755 1588 mancipia·his
776 1489 1011 1579 nominibus,
1032 1491 1274 1569 ‘Fridebertus
1293 1488 1332 1566 δι
1352 1514 1440 1565 con·

161 1587 232 1687 jux
255 1589 334 1686 ejus
361 1592 506 1682 Luida,
532 1592 760 1678 willihelm
786 1590 939 1679 Remis,
966 1593 1131 1668 Dancolf
1140 1647 1150 1680 ,
1175 1593 1236 1670 vel
1262 1588 1441 1690 quidquid

166 1691 302 1767 Haddo
318 1695 462 1790 genitor
476 1693 592 1770 noster
605 1693 711 1769 nobis
734 1693 872 1768 ibidem
887 1692 1110 1770 hereditavit
1122 1694 1181 1770 &c
1249 1689 1388 1767 Atium
1403 1693 1444 1768 in
1576 1781 1580 1786 ι

167 1793 385 1869 monasterio
410 1795 620 1870 Laurisham
654 1794 739 1871 idus
765 1795 909 1871 ottobr.
937 1811 940 1816 ·
961 1795 1121 1891 Signum
1187 1793 1340 1882 adonis,
1365 1793 1443 1868 Tit·
1473 1815 1525 1886 15.
1542 1798 1615 1872 Oi’t.

168 1895 316 1983 manni,
343 1897 492 1972 Geroldi
506 1896 545 1974 δι
570 1895 736 1986 Gerniu,
762 1895 951 1994 genitricis
965 1919 1113 1984 eorum,
1138 1897 1205 1995 qui
1216 1895 1315 1971 hanc
1329 1894 1444 1971 dona·

168 1995 310 2200 pioppesm
324 1997 431 2088 fecit,
455 1998 600 2098 siguum
623 1997 864 2086 Winirammi
884 1995 924 2077 δι
949 1997 1145 2103 Erphoidi.
1196 1997 1446 2096 Reginberuu
1494 2083 1509 2092 ,
1691 2083 1694 2086 ,
1834 2013 1839 2020 ’

183 2119 234 2172 cri
275 2109 315 2176 rt.
1583 2123 1600 2141 2

718 2296 923 2391 DCXVI.
1492 2374 1499 2383 ,

421 2425 605 2572 Duratio
634 2427 861 2522 Grumum
886 2429 929 2518 ia
955 2427 1175 2548 Clopheim..
1218 2463 1220 2468 ·
1303 2474 1308 2485 ,
1350 2486 1354 2490 -
1459 2473 1465 2484 ·

168 2603 267 2739 Nos
281 2594 320 2672 in
344 2594 414 2674 Dei
428 2595 577 2674 nomine
602 2596 787 2676 Guntwin
801 2594 841 2676 dt
862 2595 1072 2694 Engilsuint
1093 2596 1277 2674 donamus
1297 2592 1363 2698 pro
1388 2614 1446 2673 re·

252 2697 375 2774 medio
390 2699 601 2774 animarum
617 2697 824 2776 nostratum
840 2699 1066 2778 adientium
1091 2699 1225 2777 Christi
1238 2715 1445 2796 martyrem

170 2799 374 2876 Nazarium
382 2797 453 2896 dte.
477 2797 491 2891 j
508 2797 679 2874 mansum
694 2801 733 2876 in
760 2800 928 2898 Clopiraim
945 2855 956 2890 ,
982 2799 1255 2897 &juma1.xvjj
1272 2800 1311 2878 δι
1325 2803 1446 2878 hisan-

169 2917 240 2994 gos
252 2894 278 2992 jj
296 2894 335 2971 dt
350 2907 498 2994 pratum
513 2899 561 2971 ad
581 2898 675 2971 duas
690 2899 863 2974 carradas
877 2899 951 2975 feni
966 2922 990 2976 a
999 2900 1065 2992 die
1080 2901 1247 2998 praesenti
1263 2903 1446 2978 tradimus

171 3013 283 3097 atque
299 2993 593 3073 transfundimus
607 2997 647 3072 in
671 2997 741 3072 Dei
755 2998 904 3075 nomine
919 2993 1180 3099 perpetualiter
1199 3002 1249 3078 ad
1270 3004 1446 3102 pollrden·

172 3101 264 3193 dum
285 3097 514 3200 stipulatione
537 3097 700 3174 subnixa.
753 3097 891 3178 Altum
920 3104 960 3178 in
985 3102 1204 3180 monasterio
1227 3104 1444 3181 Lauremam

161 3201 261 3280 ·Xlll
275 3200 455 3278 kalendas
479 3197 580 3299 Sept.
609 3222 706 3278 auno
731 3201 800 3280 llll
824 3203 928 3299 regni
950 3203 1090 3280 domini
1114 3198 1308 3284 Ludot'vici
1329 3209 1444 3306 impe·
1476 3243 1531 3296 20.
1544 3222 1636 3312 Aug,

171 3304 316 3380 tatoris.
367 3304 526 3400 Signum
542 3303 750 3380 Guntuuini
765 3303 804 3382 &
826 3305 1103 3403 Engilluiudae‚
1130 3309 1193 3405 qui
1208 3308 1306 3383 hanc
1328 3307 1461 3382 dona‘

115 3473 121 3478 .
172 3407 311 3482 tionem
324 3405 513 3492 fecerunt,
535 3402 679 3500 fignum
694 3406 923 3495 Hadeberti,
950 3407 1156 3497 Cuniberti,
1182 3407 1443 3496 BrunichoniS,

172 3507 387 3603 Spilihardi,
414 3506 657 3594 Guntramni,
673 3507 870 3586 Snelhardi
879 3562 890 3600 ,
907 3509 1133 3598 Wisurandi,
1148 3510 1177 3587 F
1179 3510 1351 3598 olcmari,
1366 3510 1442 3587 En·

174 3607 348 3705 gillardi.
400 3606 605 3687 Aituunus
631 3607 779 3714 scripit.

660 4004 871 4140 'Y'yy
1119 3997 1387 4119 dcxvii
