4000 5417
504 381 578 481 368
849 398 856 413 ⁸
967 370 1325 451 Taanmorrns

504 682 567 762 vel
581 702 648 781 pro
671 679 807 755 animae
821 697 916 753 meae
936 675 1153 754 remedio&
1169 699 1236 777 pro
1251 676 1378 752 anima
1403 678 1622 755 Guntuuini·
1638 679 1778 755 filiastri

408 858 412 865 ’
507 778 994 979 maintardi
1010 778 1350 979 ἑῖἳίῗὲῗέᾗὲἕὲῗ
1373 778 1423 955 ii
1433 780 1782 981 didimi

506 1000 663 1065 vocamr
689 982 947 1100 Lamesham,
973 982 1038 1057 ubi
1059 983 1117 1058 vir
1138 981 1363 1058 venerabilis
1388 983 1660 1061 Gundelandus
1687 985 1781 1060 abba

508 1085 655 1277 aar
678 1082 1782 1286 diffiniretis&dirimimur&

513 1292 598 1367 inim
614 1300 826 1387 nuncupato
841 1339 851 1375 ,
877 1289 916 1362 iu
930 1309 1026 1385 pago
1051 1284 1218 1361 labadon.
1234 1309 1257 1360 a
1278 1288 1337 1361 die
1352 1286 1528 1385 praesente
1544 1290 1591 1364 de
1599 1288 1684 1385 jure
1700 1312 1784 1363 meo

516 1388 626 1495 injus
651 1387 919 1467 &dominium
945 1386 1055 1461 santii
1075 1386 1124 1463 N.
1145 1389 1252 1463 trado
1267 1400 1380 1485 atque
1404 1388 1625 1465 transfundo
1648 1390 1687 1463 in
1714 1388 1787 1465 Dei

513 1492 663 1570 nomine
678 1488 939 1603 perpetualiter
955 1488 1004 1563 ad
1029 1487 1297 1587 poffidendum,
1322 1487 1361 1566 &
1376 1490 1558 1587 quidquid
1577 1489 1712 1565 exinde
1729 1491 1786 1566 fa·

513 1616 596 1671 cere
610 1590 821 1677 volueritis,
847 1588 1003 1664 liberam
1022 1590 1061 1663 in
1086 1591 1258 1668 omnibus
1279 1590 1496 1690 potestatem
1511 1590 1693 1668 habeatis.
1744 1590 1789 1666 Si

516 1696 602 1793 quis
617 1714 730 1779 vero,
757 1690 864 1802 quod·
880 1690 1048 1765 futurum
1063 1690 1131 1767 effe
1158 1692 1314 1768 minime
1339 1693 1467 1780 credo,
1494 1696 1576 1769 auri
1590 1693 1722 1768 solidos
1733 1688 1788 1788 jjj,

518 1791 662 1891 argenti
677 1792 807 1869 uncias
829 1811 865 1885 ν]
892 1792 1015 1865 multa
1028 1790 1199 1870 sustineat
1219 1794 1257 1871 δι
1274 1794 1373 1892 quod
1385 1796 1545 1894 repetit,
1571 1793 1789 1870 evendicare

516 1920 591 1975 non
607 1896 756 1981 valeat,
784 1890 844 1966 sed
857 1891 1019 1990 praeiens
1043 1893 1110 1968 ista
1124 1894 1277 1972 donatio
1300 1894 1464 1973 firma&
1491 1896 1630 1973 stabilis
1646 1918 1789 1996 perma-

516 2012 606 2075 neat
632 1992 860 2095 stipulatione
885 1990 1052 2069 subnixa.
1104 1993 1245 2073 Atium
1260 1998 1299 2072 in
1316 1996 1534 2073 monasterio
1558 1998 1792 2083 lauresham,

515 2099 581 2200 iub
603 2097 663 2174 die
678 2094 718 2173 δι
742 2108 907 2192 tempore
921 2116 997 2191 quo
1022 2094 1142 2195 supra
1193 2099 1348 2194 Signum
1369 2098 1585 2186 Gifiibaldi,
1613 2100 1679 2192 qui
1694 2098 1791 2174 hanc

356 2246 379 2265 ι
517 2200 755 2277 donationem
780 2194 870 2272 fecit
882 2248 894 2287 ‚
920 2194 1066 2295 signum
1082 2198 1282 2301 Erpholdi,
1307 2199 1482 2288 Herrici,
1509 2196 1669 2294 Eigiolfi.
1721 2198 1791 2275 Sa·

517 2302 619 2381 muel
644 2296 790 2399 scripsrt.
846 2320 857 2341 ‘

519 2526 700 2629 Duratio
728 2527 868 2623 Olonis
885 2528 937 2627 63
973 2396 1394 2643 Bozfffluladm
1417 2524 1513 2613 viiio
1534 2582 1546 2627 ,
1571 2549 1674 2611 anuo
1699 2518 1796 2617 XV
1981 2497 1982 2506 Ν

654 2678 658 2687 ·
779 2642 952 2758 Pippiai
967 2640 1077 2755 regis
1101 2640 1356 2734 Guadrlondo
1377 2640 1529 2727 abbate.

523 2820 623 2953 Nos
637 2809 677 2887 in
701 2806 834 2887 Christi
848 2810 996 2886 nomine
1014 2807 1085 2883 Olo
1100 2804 1138 2884 δι
1153 2806 1327 2906 Bozulph
1341 2804 1480 2905 pariter
1493 2824 1561 2903 pro
1574 2800 1715 2878 intuim
1729 2797 1797 2877 Dei

607 2913 646 2991 u
660 2935 725 3011 pro
740 2912 902 2989 remedio
929 2911 1067 3003 animae
1084 2908 1213 2987 nostum
1228 2908 1291 2983 seu
1315 2906 1353 2983 ἃ
1368 2928 1435 3006 pro
1450 2922 1593 3005 aeterna
1613 2902 1799 2978 retributi-

526 3035 621 3101 one,
646 3026 690 3088 ut
702 3014 851 3090 veniam
918 3028 1110 3088 ccatomm
1135 3009 1335 3086 nostrorum
1362 3008 1462 3108 apud
1488 3008 1609 3081 Deum
1633 3004 1799 3079 invenire

529 3124 759 3203 mereamur,
785 3139 849 3213 per
902 3137 971 3189 ane
997 3115 1189 3189 kartulam
1209 3111 1418 3187 donationis
1442 3106 1516 3185 sive
1539 3106 1802 3183 testamentum

470 3262 475 3272 ·
530 3217 715 3295 donamus
730 3240 753 3293 a
767 3218 826 3292 die
840 3213 1018 3316 praesente
1033 3218 1081 3291 ad
1098 3212 1371 3290 sacratiflimum
1387 3208 1518 3290 Christi
1532 3222 1735 3305 martyrem
1750 3205 1801 3281 N.

532 3321 598 3421 qui
612 3318 804 3415 requiescit
818 3319 855 3394 in
870 3338 1021 3416 corpore
1034 3316 1075 3392 in
1088 3340 1184 3417 pago
1209 3313 1381 3402 Rinens1‚
1407 3314 1445 3388 in
1459 3308 1684 3395 monasterio,
1698 3306 1803 3404 quod

532 3436 690 3501 vocatur
712 3418 960 3507 Lauresham,
986 3419 1052 3495 ubi
1077 3418 1347 3494 Gundelaodus
1366 3414 1460 3492 abba
1473 3410 1618 3514 praeeffe
1634 3410 1806 3497 videtur,

533 3525 785 3623 donatumque
797 3522 839 3598 in
852 3533 1073 3623 perpetuum
1088 3519 1158 3597 effe
1171 3520 1365 3610 volumus,
1378 3515 1531 3603 horest,
1547 3536 1626 3588 rem
1641 3507 1807 3587 nostram

533 3626 685 3729 inpage
717 3625 843 3701 Labori.
869 3624 908 3699 in
934 3620 1256 3721 Hanifruhrsirrim‚
1283 3621 1421 3721 petiam
1443 3619 1489 3694 de
1511 3632 1610 3693 terra
1640 3610 1822 3711 amnuit!

427 3764 438 3779 ·
535 3730 619 3830 plus
634 3730 758 3807 minus
772 3728 899 3803 dimid.
922 3723 1060 3821 jurnal.
1079 3746 1195 3820 quam
1209 3721 1349 3819 dejure
1364 3721 1535 3797 nostruin
1547 3716 1610 3815 jus
1633 3714 1669 3792 dr
1684 3712 1807 3788 domi-

537 3833 726 3909 nationem
740 3830 847 3906 sandti
874 3827 1026 3906 Nazarii
1041 3827 1222 3903 tradimus
1237 3838 1350 3922 atque
1370 3821 1666 3922 transfundimus
1679 3836 1809 3914 perpe-

537 3935 688 4011 tualiter
703 3932 753 4011 ad
776 3929 1050 4031 poffidendum,
1075 3928 1128 4005 ita
1141 3942 1185 4003 ut
1198 3928 1246 4005 ab
1266 3926 1412 4005 hacdie
1437 3922 1653 4026 potestatem
1667 3917 1810 4033 habea·
