4000 5417
519 396 597 474 400
956 456 960 462 .
1016 366 1368 448 ‘salutarem

699 768 703 775 .
1016 648 1325 767 occxevm.

540 838 544 845 ·
587 800 768 898 Donatr'o
784 796 961 892 Sicconis
979 826 1083 889 anno
1099 828 1176 917 quo
1188 805 1353 921 supro,
1379 800 1471 891 icus
1492 802 1733 897 Decembris.

401 1009 405 1022 ·
552 998 578 1049 n
592 969 662 1049 Dei
687 968 834 1045 nomine
854 992 923 1066 ego
947 967 1056 1045 Sicco
1068 967 1165 1044 dono
1180 994 1245 1069 pro
1262 970 1390 1047 anima
1415 970 1583 1070 conjugis
1597 994 1692 1049 mene
1716 968 1801 1047 An·

578 1074 757 1171 gilburgae
779 1071 819 1145 in
833 1094 928 1169 pago
954 1071 1046 1146 Lob.
1069 1071 1109 1145 in
1132 1069 1430 1171 Hontscuhnluim
1456 1075 1505 1150 ad
1524 1070 1802 1173 partemxsantti

488 1216 494 1223 ·
527 1175 705 1265 Nazarii,
732 1174 793 1271 qui
810 1171 1006 1270 requiescit
1018 1172 1058 1248 in
1073 1194 1224 1270 corpore
1240 1174 1281 1249 in
1294 1198 1390 1275 pago
1415 1174 1591 1265 Rinensr,
1616 1176 1657 1252 in
1670 1196 1802 1263 mona-

526 1276 633 1355 sterio
658 1274 917 1364 Lauresham,
943 1274 1010 1350 ubi
1032 1275 1091 1350 vir
1113 1276 1291 1352 venerab,
1310 1276 1503 1353 Richbodo
1524 1276 1623 1356 abba
1655 1272 1802 1377 praeelie

528 1381 700 1468 videtur,
724 1377 976 1473 donatumque
1003 1374 1043 1451 in
1062 1392 1284 1476 perpetuum
1307 1378 1376 1458 esse
1393 1381 1505 1469 uolo,
1529 1380 1604 1455 hoe
1623 1378 1693 1467 est,
1719 1398 1803 1477 por·
1963 1473 1964 1476 Ν

527 1484 668 1563 tionem
683 1501 808 1556 meam
822 1472 869 1555 de
884 1478 994 1555 vinea
1010 1476 1050 1551 in
1075 1477 1400 1579 llancscahcslcim,
1424 1504 1511 1580 quoe
1525 1481 1622 1557 mihi
1637 1481 1683 1556 de
1698 1492 1802 1578 parte
1963 1525 1964 1562 ,

530 1582 698 1679 conjugis
722 1604 816 1659 meae
833 1578 915 1678 jam
938 1578 1045 1655 dictae
1070 1580 1235 1675 legitime
1251 1580 1431 1672 obvenit,
1464 1606 1549 1682 quae
1574 1580 1802 1678 subjungitur

443 1758 452 1769 ,
530 1686 702 1763 desubtus
716 1705 836 1781 usque
857 1682 906 1758 ad
926 1681 1116 1770 rivulum,
1140 1682 1295 1783 desuper
1316 1686 1468 1783 attingit
1481 1686 1530 1761 ad
1553 1683 1744 1761 eceleslam
1764 1682 1805 1759 in

531 1783 814 1881 mcernnourg,
840 1784 889 1861 ad
911 1782 1123 1877 integrum,
1151 1785 1252 1862 adie
1273 1786 1448 1885 presente
1472 1786 1513 1865 δι
1533 1786 1734 1884 deinceps,
1759 1796 1806 1857 ut

532 1890 652 1966 eidem
668 1889 748 1963 loco
762 1884 864 1962 omni
880 1898 1047 1983 tempore
1073 1884 1244 1985 proficiat
1258 1887 1298 1963 in
1311 1887 1548 1987 augmentis,
1574 1886 1807 1989 stipulatione

533 1991 709 2068 subnixa,
738 1986 875 2065 Anum
890 1986 929 2061 in
954 1986 1173 2065 monasterio
1198 1988 1430 2071 moltam,
1449 1990 1606 2087 Signum
1629 1986 1808 2075 SicconIs,

533 2092 597 2192 qui
617 2092 713 2166 hanc
738 2088 974 2165 donationem
994 2087 1108 2179 fecit,
1134 2088 1283 2186 fignum
1305 2091 1544 2179 Salemanni,
1569 2087 1806 2173 Hildibaldi,
1862 2124 1872 2133 ⁸
1963 2147 1964 2184 ³

533 2192 761 2278 Hartman,
788 2188 1007 2277 Nortuuini,
1032 2190 1253 2297 Liohboldi,
1280 2195 1449 2285 Milonis,
1473 2191 1679 2279 starcheri,
1703 2186 1804 2267 Biri·
1963 2205 1964 2276 l

533 2294 673 2385 chunis.
725 2291 880 2399 Samuel
904 2290 1049 2392 leripfit.
1963 2341 1964 2350 κ

1026 2496 1299 2590 CCCXLIX.

592 2625 774 2726 Donatio
807 2626 996 2741 Biccom'g
1020 2624 1062 2715 iu
1087 2623 1459 2755 llantsculeshcr'm,
1487 2649 1591 2713 cono
1629 2617 1757 2714 XXI

867 2740 985 2854 regni
1010 2740 1157 2828 domini
1173 2740 1294 2853 nostri
1318 2737 1477 2831 Karoli.

360 2933 414 2997 ¹⁴·
430 2909 500 2997 ³¹¹¹·
538 2910 968 3089 Plotinum
983 2898 1814 3096 Btulcu‘ulccllllucen

539 3036 760 3201 Nazirium,
786 3115 850 3210 qui
864 3065 1054 3212 requiescit
1066 3112 1107 3185 in
1121 3132 1274 3211 corpore
1295 3112 1336 3187 in
1351 3132 1445 3209 pago
1459 3104 1615 3193 Rinensr,
1629 3105 1667 3179 in
1681 3123 1816 3177 mona-

539 3214 673 3305 sterio,
698 3216 799 3313 quod
812 3231 968 3293 vocatur
983 3212 1234 3302 Lauresharn,
1260 3212 1536 3313 superfluvium
1559 3204 1716 3290 Wiffcoz
1729 3203 1819 3292 fito,

540 3318 606 3399 ubi
620 3320 677 3397 vir
690 3319 912 3397 venerabilis
937 3316 1131 3394 Richbodo
1152 3314 1250 3391 abba
1272 3312 1417 3415 praeeffe
1432 3313 1592 3403 videmur,
1615 3308 1821 3383 donatum-

461 3498 468 3505 .
542 3444 616 3521 que
632 3422 669 3499 in
683 3444 745 3522 per
792 3436 899 3499 tuum
913 3419 981 3497 else
997 3419 1113 3507 volo,
1137 3416 1209 3493 hoc
1223 3417 1301 3508 est,
1326 3418 1475 3495 tertiam
1488 3426 1630 3515 partem
1641 3411 1687 3484 de
1702 3407 1825 3485 vinea

541 3523 557 3623 j
573 3526 614 3601 in
639 3526 739 3601 Haut
754 3526 962 3613 cellesheim,
988 3522 1030 3597 in
1046 3520 1117 3597 Dei
1131 3521 1282 3597 nomine
1302 3519 1565 3620 perpetualiter
1580 3514 1629 3592 ad
1643 3510 1827 3613 poffiden·

545 3628 637 3703 dum
653 3652 676 3704 a
691 3629 749 3703 die
766 3624 993 3728 praesente&
1008 3624 1199 3722 deinceps,
1226 3637 1270 3698 ut
1284 3623 1387 3697 omni
1404 3636 1571 3719 tempore
1595 3615 1716 3720 eidem
1736 3634 1829 3687 rno-

546 3730 703 3806 nasterio
728 3730 893 3829 proficiat
912 3730 951 3803 in
977 3725 1192 3821 augmentis
1210 3722 1440 3823 stipulatione
1461 3720 1627 3797 subnixa
1679 3713 1830 3791 Attum

549 3832 590 3907 in
604 3830 821 3909 monasterio
845 3827 1071 3907 lauresham.
1124 3825 1281 3923 Signum
1295 3825 1492 3911 Bicconis,
1518 3822 1582 3919 qui
1595 3818 1693 3934 hanc
1705 3816 1833 3890 dona-

551 3934 690 4012 tionem
707 3934 811 4021 fecit‚
838 3932 980 4029 signum
988 3926 1230 4020 Erkanfridi,
1255 3928 1454 4019 Hucberti,
1467 3920 1703 4004 Ermenold1‚
1731 3917 1835 3994 Em-

553 4038 725 4116 nononis.
750 4038 832 4137 Ego
846 4032 1055 4115 Istnhardus
1069 4027 1199 4133 scripfi.
1338 4051 1342 4060 ·
1410 4100 1416 4117 ,
1565 4051 1570 4056 ·
1631 4017 1782 4102 0ch.
