4000 5417
514 467 586 556 184
887 454 1400 536 cananaeorum
1528 478 1532 484 ·

511 760 729 850 daverunt.
785 757 1016 876 Episcopus
1034 782 1203 864 autem,
1233 791 1330 877 rege
1365 764 1566 852 Triburim
1592 764 1783 868 reduslo,

513 875 630 964 castri
648 875 858 962 nitebatur
876 875 1128 962 obsidionem
1147 934 1158 977 ,
1187 878 1393 964 aestimans
1412 939 1422 980 ,
1453 879 1549 964 fieo
1566 881 1611 965 vi
1626 882 1779 995 potire·

514 1009 607 1092 tur,
637 991 778 1074 omnia
793 989 865 1074 fibi
880 1017 939 1074 ex
953 985 1154 1073 sententia
1171 990 1339 1095 cedere,
1359 991 1472 1103 quod
1491 993 1592 1078 dum
1609 995 1781 1106 opinato

515 1103 673 1189 tardius
701 1100 972 1216 procederet,
1003 1097 1330 1215 conspirantibus
1355 1106 1397 1188 in
1422 1134 1520 1190 euni
1577 1107 1782 1220 rincipum

517 1217 646 1318 odiis,
663 1227 759 1327 quae
778 1212 911 1301 fibi&
929 1213 1032 1300 fastu
1051 1210 1253 1328 superbiae
1270 1219 1315 1302 bt
1332 1222 1472 1332 rapaci
1488 1135 1670 1332 ingluvie
1687 1245 1782 1304 con·

515 1325 720 1442 sciverat,
751 1327 902 1414 insidiis
920 1327 1104 1457 undique
1131 1324 1344 1414 conclusus
1362 1392 1373 1432 ,
1402 1335 1518 1445 regio
1535 1334 1613 1418 vix
1641 1327 1783 1447 septus

517 1443 778 1540 munimine,
806 1439 1008 1527 nocturna
1033 1443 1134 1554 luga
1157 1440 1336 1560 turpiter
1364 1440 1524 1560 elapsus
1541 1443 1626 1546 est,
1654 1465 1783 1558 atque

411 1625 423 1636 ,
516 1555 577 1640 ita
594 1550 806 1638 consilium
834 1551 1073 1640 Achithofel
1091 1552 1343 1642 infatuatum
1366 1556 1436 1641 est.
1480 1557 1724 1646 Mediantei
1753 1559 1785 1640 i·

515 1687 586 1752 tur
615 1664 823 1780 Sigesrido
844 1665 1114 1780 Magontiensi
1132 1666 1177 1753 dt
1204 1671 1381 1756 Annone
1399 1667 1629 1756 Coloniensi
1655 1584 1784 1755 aresi·

491 1776 727 1910 episcopis,
756 1775 943 1862 Rudolso
959 1781 1184 1892 quoque&
1204 1779 1436 1868 Godefrido
1452 1782 1642 1883 ducibuS,
1662 1805 1784 1868 caete·
1829 1828 1833 1836 ,

514 1919 655 2005 risque
684 1889 802 2004 regni
818 1891 1080 2005 primatibus,
1099 1891 1243 2007 fugato
1272 1898 1487 1986 communi
1507 1899 1697 1980 omnium
1713 1893 1785 1978 bo·

513 2005 582 2106 ste,
599 2000 809 2120 plurima,
839 2031 936 2116 quae
955 2005 997 2088 in
1029 2034 1158 2120 regno
1184 2028 1303 2092 erant
1321 2001 1394 2092 sub
1420 2037 1518 2123 rege
1547 2037 1678 2124 puero
1695 2036 1785 2122 per·

514 2144 659 2234 peram
677 2116 806 2231 gesta,
824 2140 1129 2221 correxerunt,
1155 2139 1283 2231 atque
1299 2121 1495 2206 abbatem
1509 2119 1786 2210 Lauresbam·

516 2226 700 2314 mensem
715 2257 800 2312 non
819 2247 906 2312 tam
927 2228 980 2312 ad
1008 2233 1147 2342 regis,
1174 2257 1302 2340 quam
1319 2229 1372 2313 ad
1388 2236 1505 2342 regni
1522 2229 1785 2344 praesentiam

383 2417 386 2424 ,
516 2337 781 2439 asciverunt,
805 2341 1106 2533 promittentes
1123 2343 1161 2424 ei
1179 2367 1257 2453 per
1272 2336 1454 2450 legatos,
1484 2367 1561 2454 pro
1575 2341 1784 2450 justitia&

259 2441 262 2450 ’
384 2509 390 2518 -
515 2452 707 2540 libertate
733 2451 911 2534 eccesiae
937 2445 1022 2535 suae
1046 2448 1086 2535 se
1110 2451 1284 2536 daturos
1310 2451 1355 2534 br
1385 2448 1546 2536 salubre
1572 2447 1784 2537 consilium

379 2571 386 2588 '
516 2567 561 2653 dt
577 2561 693 2650 fidele
709 2563 1000 2676 patrocinium.
1030 2559 1118 2671 Qui
1137 2563 1448 2648 communicato
1463 2561 1552 2653 Xll
1567 2561 1783 2650 illustrium

405 2757 407 2764 ,
516 2677 700 2764 fidelium
716 2671 884 2760 suorum
904 2669 1099 2778 confilio,
1128 2701 1215 2788 quo
1240 2700 1417 2761 numero
1440 2678 1569 2762 etiam
1597 2675 1785 2763 benefici-

517 2786 594 2876 alis
621 2784 783 2874 summa
803 2781 993 2892 militaris
1023 2783 1177 2903 clipei,
1224 2790 1297 2901 qui
1318 2786 1451 2921 vulgo
1480 2788 1633 2877 dicitur
1661 2790 1785 2878 Herc·

505 2897 659 3019 schilt,
688 2897 1097 2990 Laureshammenfis
1123 2898 1301 2986 ecelesrae
1329 2905 1520 2986 adtmens
1537 2900 1783 3007 includitur,

515 3013 680 3129 fingulis
696 3042 773 3130 pro
802 3016 1035 3127 quantitate
1053 3011 1240 3098 beneficii
1256 3033 1450 3100 centenos
1468 3011 1623 3102 milites
1652 3044 1787 3100 arma·

515 3150 616 3231 toS,
645 3148 694 3214 ut
721 3124 927 3229 traditur,
956 3126 1198 3240 affignavit,
1227 3155 1385 3240 eosque
1409 3125 1603 3215 distindlis
1633 3128 1785 3212 ordini·

463 3253 471 3260 '
516 3245 596 3333 bus
611 3240 867 3343 incedenteS,
895 3241 1085 3336 maxima
1103 3236 1336 3351 frequentia
1370 3236 1452 3325 inse
1483 3268 1588 3325 uens
1614 3263 1703 3327 tam
1720 3261 1786 3326 tu·

515 3377 588 3444 tus
605 3417 616 3458 ,
642 3381 771 3468 quam
787 3376 959 3440 ornatus
978 3354 1089 3466 regis
1108 3352 1152 3438 oz
1171 3355 1287 3465 regni
1303 3348 1449 3469 conspe
1521 3355 1535 3437 i
1558 3348 1600 3439 se
1619 3352 1785 3456 obtulit,

516 3471 590 3556 ubi
618 3465 763 3558 favore
791 3468 980 3551 omnium
994 3467 1244 3581 ‚principum
1273 3466 1509 3580 ingratiam
1536 3470 1647 3600 regis
1666 3465 1785 3553 redu·
1813 3557 1820 3571 ,

518 3585 629 3671 citur
649 3643 660 3685 ,
690 3583 867 3694 benigne
885 3575 1127 3695 suscipitur,
1145 3578 1190 3665 or
1210 3575 1367 3664 cassatis
1383 3575 1602 3668 universali
1627 3576 1784 3667 senten-

516 3698 577 3784 tia
605 3693 763 3782 cunsiis
790 3687 967 3810 episcopi
1001 3688 1286 3779 molitionibus
1316 3719 1413 3777 cum
1439 3691 1603 3780 summo
1626 3694 1785 3779 honore

518 3809 564 3896 dt
581 3804 712 3922 gloria
728 3810 954 3896 revertitur
973 3867 983 3912 ,
1016 3805 1290 3922 gaudentibus
1308 3801 1420 3909 luis,
1449 3807 1676 3921 Deumque
1703 3805 1786 3892 lau·

520 3921 728 4025 dantibus,
737 3943 886 4037 quarta
902 3947 1036 4008 nonas
1045 3915 1273 4022 Februarii,
1289 3918 1361 4033 qui
1378 3919 1492 4010 dedit
1509 3926 1571 4009 eis
1586 3947 1785 4008 coronam

520 4062 598 4150 pro
615 4039 751 4123 cinere
770 4099 782 4141 ,
810 4033 950 4122 oleum
961 4033 1106 4172 gaudii
1122 4062 1201 4149 pro
1219 4031 1352 4139 ludu,
1370 4031 1542 4152 pallium
1558 4035 1691 4228 laudps
1699 4055 1784 4160 pro

1669 4171 1727 4256 ΡΙ·
