4000 5417
574 480 645 559 154
935 412 1466 532 ’ῦηιιοΜτῦιιΛιτι
1607 450 1614 459 ’

568 620 926 646 w
1280 612 1843 645 *naun—nnn...-

568 786 684 863 quam
698 761 907 836 futurorum
922 755 1047 832 noscat
1071 754 1273 843 industria,
1298 754 1401 851 quod
1423 754 1575 843 Bobbo‚
1602 754 1714 834 sandi
1740 761 1840 847 Lau.
1888 801 1891 808 «

569 860 812 943 reshnmensis
845 859 999 935 coenobii
1033 857 1255 935 venerabilis
1281 856 1430 955 abbis,
1461 854 1593 935 nostrae
1618 858 1842 939 celsitudinis

569 966 661 1044 adiit
675 968 840 1051 culmen,
854 960 929 1036 ‘sibi
946 959 1094 1057 suaeque
1114 958 1293 1047 ecclesiae,
1319 958 1511 1033 inhonore
1526 958 1730 1037 sanslorum
1744 988 1840 1041 mar·

568 1085 696 1167 tyrum
711 1065 949 1150 consecratae,
975 1062 1135 1139 Naboris
1148 1059 1187 1138 δι
1203 1059 1370 1179 llazarii,
1395 1083 1554 1137 exorans
1567 1063 1739 1139 forestem
1752 1066 1840 1143 ban·

432 1202 440 1213 ’
569 1167 940 1354 tttttsslttt
952 1166 1213 1353 {trtius
1223 1162 1838 1359 lllltltlt‘blltlunlt

570 1376 743 1460 dentem,
770 1368 809 1445 dc
835 1369 917 1444 inde
943 1366 1080 1443 sursum
1105 1370 1144 1442 in
1159 1365 1387 1462 longitudine
1412 1366 1451 1439 in
1465 1366 1682 1443 orientalem
1707 1368 1837 1448 scilioet

569 1477 722 1576 plagam
737 1494 800 1571 per
815 1472 980 1545 medium
997 1471 1149 1555 saltum,
1174 1464 1420 1565 Noibniiiiisoii
1441 1468 1606 1557 ditium,
1632 1467 1671 1546 dt
1695 1470 1783 1548 inde
1805 1469 1837 1548 se

503 1642 506 1650 .
571 1576 769 1656 habentem
796 1574 844 1648 ad
866 1573 1016 1660 rivum,
1041 1572 1108 1668 qui¹
1129 1570 1262 1646 dicitur
1287 1564 1502 1658 Branbaisi,
1528 1574 1710 1669 usquead
1736 1576 1836 1651 arbo-

570 1701 650 1753 rem
676 1673 1070 1762 martinianum,
1096 1673 1180 1747 inde
1195 1694 1283 1746 vero
1298 1670 1338 1746 in
1351 1669 1597 1747 meridianam
1620 1674 1771 1770 plagam
1790 1677 1836 1751 ad

569 1779 745 1864 Larium,
772 1792 883 1873 atque
898 1773 983 1851 inde
1000 1775 1169 1851 deorsum
1186 1772 1355 1869 usquein
1369 1771 1526 1849 fluvium
1550 1773 1675 1875 libiae
1689 1777 1831 1866 distum,

568 1880 653 1955 inde
680 1891 805 1954 autem
829 1900 945 1974 usque
972 1879 1021 1952 nd
1034 1877 1164 1952 villam
1189 1874 1428 1961 Niwinsiii'm,
1455 1874 1542 1950 hinc
1556 1898 1646 1951 vero
1671 1878 1834 1955 deorsum

432 2016 434 2023 =
569 1982 617 2056 nd
634 1982 762 2055 villam
788 1976 976 2055 Biiinbarli
991 1978 1145 2064 didam,
1170 1974 1274 2051 istinc
1291 1990 1418 2050 autern
1432 1977 1481 2050 ad
1495 1978 1608 2052 aliam
1623 1979 1753 2054 villain
1773 1982 1835 2057 Ri-

568 2075 729 2157 csiinbach
752 2094 923 2157 vocatam
939 2134 949 2167 ,
975 2080 1014 2157 dt
1029 2079 1076 2155 sic
1092 2080 1242 2177 quidem
1258 2099 1322 2176 per
1336 2074 1504 2151 deorsum
1518 2102 1638 2176 usque
1651 2084 1701 2157 ad
1714 2083 1833 2157 locum

541 2180 793 2259 ”Cunrlicsnm‘
809 2182 978 2280 primitus
999 2183 1161 2269 dithim,
1179 2203 1232 2254 eo
1252 2178 1405 2255 rationis
1427 2193 1572 2269 tenore,
1597 2196 1641 2257 ut
1657 2183 1733 2281 ipse
1743 2206 1832 2282 prae·

466 2304 491 2349 ·'
568 2284 685 2361 dithis
700 2284 814 2359 abbas
838 2282 973 2379 sibique
997 2283 1230 2359 succedentes
1244 2281 1284 2354 in
1305 2294 1525 2379 perpetuum
1538 2283 1698 2359 habeant
1721 2300 1829 2381 atquc

568 2385 791 2487 possideant,
819 2384 1016 2481 nullusque
1029 2386 1124 2461 inea
1137 2383 1210 2460 sine
1225 2381 1334 2482 ipsius
1348 2381 1496 2460 licentia
1521 2385 1675 2461 venandi
1690 2398 1753 2461 aut
1766 2408 1828 2460 ca·

568 2488 692 2586 piendi
708 2486 845 2582 aliquid
860 2486 1073 2583 potestatem
1096 2486 1246 2561 habeat
1299 2484 1394 2559 Haec
1409 2508 1498 2581 ergo
1524 2510 1596 2584 quo
1610 2486 1749 2561 firmius
1774 2500 1829 2564 at·
1973 2547 1974 2564 i

568 2610 641 2683 que
655 2585 902 2666 inconvulsius
916 2609 981 2686 per
994 2588 1120 2664 futura
1145 2600 1311 2686 tempora
1323 2584 1452 2685 possint
1466 2588 1667 2687 persistere,
1689 2590 1832 2687 propria
1973 2673 1974 2690 χ

568 2702 684 2763 manu
710 2687 923 2778 firmanteS‚
957 2689 1115 2787 insigniri
1136 2686 1301 2785 jussimus
1332 2685 1441 2783 sigilli
1466 2688 1575 2765 nostri
1600 2690 1829 2789 impressione.

567 2788 796 2865 Guntherius
821 2790 1065 2869 cancellarius
1087 2792 1168 2867 vice
1193 2788 1454 2867 Erchainbaldi
1478 2792 1756 2891 archicapellani
1771 2813 1827 2865 re·

381 2922 433 2997 ¹2:
448 2904 520 2989 Maj.
567 2892 734 2987 cognovi.
786 2892 885 2968 Data
901 2894 968 2969 llll
983 2895 1067 2969 idus
1091 2889 1201 2988 Maii,
1227 2891 1419 2967 indiffione
1443 2892 1492 2981 X,
1508 2918 1605 2970 anno
1629 2892 1828 2969 Dominicae

401 3010 496 3059 1012·
565 2994 825 3069 incarnationis
851 2994 984 3082 MXll,
1007 3020 1104 3070 anno
1124 3017 1212 3071 vero
1237 2992 1378 3068 domini
1406 2994 1550 3070 secundi
1578 2994 1743 3073 Heinrici
1771 3016 1832 3070 re·

505 3180 513 3189 ‚
563 3095 712 3189 guantis
737 3094 785 3171 X.
837 3094 976 3198 Altum
992 3094 1191 3193 Baining
1205 3093 1362 3171 feliciter
1375 3117 1491 3172 amen

970 3280 977 3291 ⁶
1008 3296 1320 3389 LXXXXlll.

813 3428 913 3519 Item
934 3431 980 3518 de
1007 3432 1186 3560 terminis
1205 3430 1374 3577 quidem
1392 3429 1577 3544 forestis.¹

404 3664 406 3672 ,
556 3592 698 3731 Siquis
712 3616 800 3670 vero
816 3592 904 3671 scire
928 3594 1110 3675 desiderat
1135 3596 1370 3685 evidentius,
1395 3597 1570 3695 quorsum
1583 3596 1713 3674 tendit
1733 3596 1832 3675 sore·

627 3693 689 3769 stis
705 3698 849 3773 bannus
865 3698 1023 3795 insylva
1052 3700 1275 3787 odenewalt,
1301 3698 1646 3776 laureshammensi
1670 3700 1832 3779 ecclesia

466 3798 467 3805 ’
557 3797 658 3889 regia
674 3798 889 3874 austoritate
903 3800 1104 3887 concessus,
1119 3800 1426 3876 subderenninata
1433 3803 1515 3877 loca
1529 3802 1713 3891 vallium,
1728 3827 1830 3879 mon·

554 3895 678 3983 tium,
704 3898 889 3990 saltuum,
915 3902 1146 3988 rivulorum,
1171 3902 1397 3991 fluminum,
1423 3905 1599 3990 arborum
1635 3906 1832 4001 diligenter

472 4042 475 4047 -
552 3995 764 4074 consideret
816 4001 930 4079 Tenet
944 4024 1106 4101 namque
1119 4002 1283 4082 bannum
1299 4004 1338 4081 in
1361 4005 1471 4095 loco,
1496 4006 1560 4103 qui
1575 4006 1720 4084 dicitur
1750 4008 1830 4081 Ger-

1394 4161 1398 4175 .
1547 4153 1551 4158 -
1692 4131 1779 4185 iuriis
