4000 5417
731 861 1013 1038 contuitu
1137 869 1141 880 ’
1221 1019 1228 1028 .

272 1077 478 1178 'Donatio
510 1087 718 1181 Gumberti
744 1089 796 1206 ⁵in
820 1089 1095 1184 Nivmenheiat
1127 1092 1170 1181 in
1199 1091 1456 1204 Lobdunenst,
1620 1105 1664 1153 ³
1810 1201 1812 1208 Α
1962 1075 1967 1085 ’

433 1225 537 1292 anno
552 1204 706 1300 XIIII
715 1204 834 1320 regni
850 1206 998 1295 dunin
1012 1207 1184 1324 Pippini
1199 1207 1324 1323 ragis.

240 1393 574 1853 Quin&
596 1583 643 1661 de
665 1583 777 1661 rebus
794 1581 924 1661 nostris
942 1499 1036 1660 loeis
1057 1583 1259 1662 ianitorum
1280 1585 1342 1662 vel
1365 1582 1405 1663 in
1430 1575 1514 1664 snb·

459 1683 629 1761 stantiam
647 1708 855 1787 pauperum
874 1686 1140 1777 eonferrinrns,
1162 1688 1234 1762 hoc
1253 1687 1358 1762 nobis
1382 1687 1512 1787 procul

459 1787 571 1863 dubio
586 1788 637 1881 ,in
663 1804 804 1867 aeterna
829 1788 1069 1866 retributione
1097 1788 1196 1888 apud
1225 1788 1347 1862 Deum
1373 1785 1514 1862 restitui

115 1864 120 1872 ’
240 1885 473 1965 mandimus.
500 1889 687 1986 rgrtnego
703 1893 932 1989 numpertus
945 1888 1302 1979 innomineuomini
1316 1887 1514 1988 nostrrJeru

240 1988 691 2092 christiproanimaenreae
699 1992 863 2068 remedio
871 1993 980 2082 dono,
993 1991 1517 2090 donatumqueinperpetuum

241 2089 311 2168 elie
320 2097 406 2168 volo
422 2094 469 2169 ad
478 2091 663 2170 basilicam
676 2093 786 2170 santii
794 2093 963 2182 Nazarii,
978 2115 1064 2190 quae
1072 2091 1271 2169 constrntta
1277 2091 1328 2167 est
1334 2091 1438 2190 super
1445 2089 1516 2166 flu,

239 2191 346 2270 vium
358 2193 531 2281 Wiffeoz,
556 2195 705 2274 vineam
719 2217 844 2271 meam
858 2195 1003 2294 inpage
1018 2193 1243 2297 totam,
1264 2191 1303 2268 in
1315 2192 1406 2270 villa
1419 2192 1516 2270 Nire-

142 2339 148 2357 ι
238 2293 409 2384 mrem,
434 2319 483 2370 ex
498 2291 604 2391 cujus
618 2321 694 2374 una
708 2309 814 2395 parte
828 2296 1005 2372 attinetur
1017 2295 1389 2390 vineaFrideburgae,
1409 2291 1449 2370 δι
1464 2293 1512 2370 de

240 2395 316 2471 alia
336 2409 441 2497 parte
462 2395 526 2474 via
547 2399 715 2496 publica,
741 2398 781 2472 in
803 2397 915 2474 tertia
934 2409 1041 2496 parte
1070 2396 1256 2473 suberfluit
1280 2393 1421 2471 Nectar
1439 2395 1510 2470 flu·

182 2540 185 2545 >
240 2497 344 2590 vius,
368 2499 408 2576 in
428 2522 474 2575 ea
495 2500 654 2591 ratione,
679 2511 726 2576 ut
746 2499 795 2576 ab
816 2499 889 2576 hac
909 2499 968 2575 die
988 2485 1067 2598 i'psa
1101 2497 1251 2574 ecclesra
1273 2495 1335 2574 vel
1356 2505 1509 2592 agentes

237 2593 318 2693 ejus
332 2602 489 2678 debeant
501 2601 724 2681 dominando
738 2600 1000 2702 perpetualiter
1012 2599 1200 2702 poffidere,
1221 2599 1295 2688 ita,
1316 2607 1361 2674 ut
1376 2596 1423 2672 ab
1436 2595 1511 2673 hac

238 2699 299 2774 die
319 2702 359 2779 &
379 2703 550 2801 deinceps
565 2701 649 2800 Jure
668 2704 847 2795 habendi,
872 2703 1039 2793 tenendi,
1063 2701 1297 2791 dominandi,
1323 2699 1385 2778 vel
1404 2698 1512 2798 quid·

241 2799 333 2893 quid
349 2803 483 2876 exinde
494 2825 560 2899 pro
578 2806 826 2903 oportunitate
840 2802 1113 2903 ipsrusbasrlicae
1135 2804 1310 2900 elegerint
1330 2799 1507 2889 faciendi,

148 2949 151 2952 -
240 2897 450 2976 liberamin
464 2901 638 2976 omnibus
649 2905 813 2978 habeant
823 2905 1050 3001 potestatem.
1102 2905 1143 2980 si
1164 2907 1248 3002 quis
1268 2921 1366 2980 vero·
1381 2914 1508 2979 contra
1535 2913 1537 2918 '

241 2997 341 3077 hanc
363 2999 561 3103 parvulam
582 3000 819 3080 donationem
840 3028 864 3081 a
883 3025 945 3080 me
958 3003 1095 3082 fartam
1115 3006 1239 3082 venire
1247 3001 1508 3105 temptaverit,
1641 3047 1644 3054 ·

241 3100 282 3179 &
295 3127 382 3182 eam
407 3102 604 3198 infringere
624 3104 686 3180 vel
707 3119 852 3183 mutare
866 3107 1043 3197 voluerit,
1066 3119 1156 3184 tunc
1170 3107 1334 3208 partibus
1355 3105 1513 3184 basilicae

241 3204 352 3285 saner
365 3206 464 3285 Petri
479 3204 560 3281 auri
575 3202 707 3282 solidos
715 3203 777 3304 Jjj,
791 3209 935 3306 argenti
949 3205 1151 3308 pondera-ij
1167 3209 1319 3298 inferat,
1333 3207 1371 3286 δι
1386 3220 1514 3284 tamen
1623 3257 1628 3270 ·

142 3406 145 3410 A
243 3309 346 3404 quot
356 3308 511 3410 repetit,
535 3307 752 3384 evendicare
764 3335 839 3387 non
851 3311 995 3400 valeat,
1022 3311 1083 3388 sed
1096 3309 1252 3427 praeiens
1276 3309 1342 3388 ista
1362 3305 1514 3421 donatio

243 3407 1319 3617 untauttbe
1342 3408 1511 3602 stru

243 3613 459 3701 Gumberti‚
472 3611 975 3710 quihanedonationemfieri
989 3611 1029 3689 δε
1042 3606 1510 3706 firmarirogavit‚fignum
1608 3637 1609 3642 ¹
1681 3693 1689 3706 .

242 3712 447 3802 Harifridi‚
489 3715 711 3791 Nardaberti
730 3769 741 3804 ‚
762 3713 1022 3814 Ruginperti,
1053 3709 1255 3799 Zenonis,
1302 3709 1508 3785 Onolbaldi.
1556 3727 1558 3732 '

239 3814 340 3892 Haffi
366 3818 374 3834 ‘
402 3815 537 3911 dignus
568 3817 756 3916 praesbiter
780 3818 1043 3894 donatinonem
1072 3809 1179 3894 istam
1210 3809 1328 3912 scripsi
1360 3821 1514 3907 rogatus

240 3913 281 4010 ἀ
313 3918 355 3997 su
379 3915 505 4019 scripsi.
573 3939 577 3948 ·

842 4021 918 4119 ty
1022 4071 1025 4077 ι
1244 4011 1461 4154 CCLIIXV.
