4000 5417
490 458 597 538 Sat.
623 453 696 536 XII
722 453 965 535 Cunaroo
991 451 1045 534 III
1069 475 1222 536 uuna.
1430 483 1506 560 253

233 624 589 658 Μ
632 653 634 659 ,

229 777 285 862 tis
303 769 389 861 suae
427 769 608 882 &parte
634 765 792 850 montis
832 759 1206 876 Hrmmingr'sberg,
1234 787 1333 960 puae
1357 783 1505 851 contra

230 886 410 974 eundem
427 885 572 970 vicum
590 872 772 993 respicit,
799 903 1011 991 quamque
1029 878 1157 964 abbas
1176 875 1213 964 F
1214 905 1241 962 o
1256 876 1441 963 cnandus
1450 877 1504 964 ad

230 995 528 1086 novellandum
548 987 794 1077 concess'erat
812 1050 823 1093 ,
856 987 1036 1078 fratrum
1052 985 1143 1080 usui
1161 988 1364 1092 tradidit,
1392 991 1438 1077 dt
1452 1012 1504 1078 ut

230 1136 380 1200 eorum
397 1105 662 1223 providentia
677 1103 811 1188 tribus
828 1103 871 1186 in
899 1105 1122 1190 ebdomata
1137 1103 1337 1191 diebusin
1355 1103 1505 1190 eadem

229 1221 397 1310 ecclesra
436 1220 578 1307 divina
605 1214 945 1320 celebrarentur,
972 1217 1177 1320 instituit,
1236 1219 1281 1304 ui
1307 1211 1506 1304 videlicet

229 1333 476 1448 BillunguS,
507 1357 606 1419 cum
624 1333 666 1416 in
686 1327 938 1443 obpreffione
964 1329 1183 1418 Laurentis
1206 1243 1379 1415 domiliae
1414 1357 1505 1414 rno-

219 1450 333 1537 .dum
350 1445 595 1548 excesserit,
625 1471 677 1529 eo
694 1462 837 1528 tamen
860 1437 928 1528 vel
957 1437 1045 1528 solo
1073 1470 1173 1530 cum
1197 1439 1336 1532 villico
1347 1444 1503 1639 inipui·

230 1565 331 1650 tatis
346 1556 577 1646 laudandus
597 1557 674 1657 est,
704 1553 819 1667 quod
837 1554 888 1639 de
905 1556 1032 1640 rebus
1059 1555 1247 1643 Domino
1269 1554 1420 1642 fraudu
1435 1583 1504 1640 en·

229 1669 597 1874 plplrtigttpppipttppm
613 1667 754 1783 aliquo
770 1693 847 1784 pro
865 1663 906 1754 ie
924 1667 1153 1783 prudenter
1168 1666 1281 1756 fecit.
1307 1666 1414 1776 Ejus
1431 1666 1505 1776 do

735 1919 778 2072 '-
801 1993 950 2089 cmv.

697 2125 762 2218 De
790 2128 877 2216 vico
908 2126 1047 2219 Cellae.

228 2305 390 2438 Notum
409 2291 453 2370 srt
467 2292 611 2370 caritati
628 2295 796 2371 omniurn
804 2293 971 2371 fidelium
988 2292 1208 2392 adpraesens
1219 2289 1258 2370 a
1273 2289 1505 2392 inposterum,

310 2395 410 2494 quod
423 2397 575 2494 quidam
582 2397 651 2471 Dei
665 2395 832 2472 famulus
850 2397 1251 2472 norninessrtturvous
1267 2395 1408 2471 &uxor
1421 2393 1503 2491 ejus

231 2552 241 2575 .
269 2553 279 2574 .
308 2553 318 2574 .
344 2521 410 2597 pro
427 2497 463 2574 se
482 2497 628 2595 suisque
648 2499 862 2597 parentibus
887 2521 931 2574 ac
945 2497 1094 2596 posteris
1109 2497 1339 2572 tradidertmt
1364 2497 1444 2570 Deo
1463 2496 1504 2574 dt

230 2600 349 2678 tanao
375 2601 533 2678 Nazario
548 2602 593 2676 de
607 2600 679 2676 suis
694 2599 961 2700 potieffionibus
975 2599 1014 2675 in
1040 2599 1122 2676 vico
1151 2595 1446 2674 Celloecclefiam
1460 2599 1503 2674 in

228 2704 374 2803 proprio
387 2702 536 2778 domate
546 2701 785 2791 fabricatam,
801 2701 921 2780 tribus
932 2699 1126 2798 jugeribus
1140 2699 1382 2778 vineti&una
1397 2714 1502 2778 curte

230 2806 422 2888 dotatam,
448 2827 493 2876 ea
507 2804 682 2876 nimirum
704 2805 870 2891 ratione,
895 2818 940 2880 ut
959 2805 1015 2880 eis
1036 2803 1281 2904 superstitibus
1302 2803 1451 2880 unciam
1463 2804 1504 2882 in

230 2900 426 2976 nativitate
452 2901 603 2972 Domini
626 2905 819 2976 annuatim
845 2905 930 2978 inde
953 2905 1184 3000 persolvant,
1206 2905 1245 2981 δι
1265 2906 1342 3004 post
1356 2907 1502 2982 obitum

231 3023 360 3078 eorum
375 2997 450 3098 ipsa
474 2996 624 3076 ecclesra
638 3021 724 3074 cum
743 3001 817 3076 suis
833 3004 1052 3100 appenditiis
1078 3009 1126 3081 ad
1140 3008 1264 3082 locum
1278 3005 1386 3082 istum
1400 3009 1503 3086 omni

227 3100 309 3201 jure
325 3101 507 3202 pertineat
524 3121 535 3194 ;
563 3099 617 3174 ita
633 3113 785 3192 tamen,
811 3117 855 3179 ut
871 3105 969 3204 prior
992 3118 1059 3182 aut
1081 3108 1216 3205 aliquis
1231 3109 1415 3198 fratrum,
1441 3109 1503 3185 cui

230 3205 305 3306 ipse
319 3202 537 3300 injunxerit,
562 3201 601 3282 in
618 3202 749 3278 eadem
763 3203 914 3284 ecclelia
927 3208 1054 3284 divina
1069 3209 1227 3288 misteria
1240 3211 1357 3287 tribus
1370 3210 1503 3288 diebus

230 3307 269 3384 in
283 3307 480 3397 ebdomata
494 3317 658 3406 peragat.
711 3304 813 3380 ldem
829 3307 892 3408 ipfi
909 3311 990 3384 Deo
1004 3311 1128 3387 devoti
1142 3312 1320 3389 dedemnt
1334 3312 1440 3386 nobis
1462 3313 1503 3392 in

230 3409 455 3514 Befinsheim,
482 3409 521 3483 in
536 3407 705 3506 proximo
721 3420 866 3496 monte,
892 3412 1081 3508 quoddam
1095 3414 1249 3501 novale,
1263 3439 1289 3487 x
1305 3425 1500 3507 argenteos

231 3513 455 3608 quotannis,
482 3508 604 3610 quoad
626 3507 689 3612 ipsr
706 3508 880 3598 vixerint,
902 3511 1129 3610 persolvens,
1154 3514 1193 3590 δι
1208 3513 1286 3611 post
1300 3534 1502 3586 eorumex·

231 3613 365 3688 ceffum
387 3613 489 3688 omni
523 3611 731 3708 integritate
758 3609 806 3684 ad
828 3635 895 3686 nos
909 3612 1113 3711 pertinens,
1138 3637 1184 3689 ea
1196 3613 1430 3698 conditione,
1456 3625 1501 3688 ut

212 3716 401 3791 annualis
412 3713 566 3804 census,
593 3715 721 3812 quide
747 3714 915 3811 utrisque
930 3715 1190 3790 donationibus
1211 3716 1266 3789 eis
1290 3712 1502 3789 viventibus

231 3813 409 3904 solvitur,
435 3817 483 3891 ad
502 3815 765 3892 confettionem
798 3817 892 3893 cerei
915 3815 1066 3910 fingulis
1083 3817 1194 3892 annis
1220 3814 1496 3893 determinetur.

229 3917 325 3992 Haec
351 3916 500 3994 traditio
513 3915 609 3994 farta
628 3919 679 3994 est
704 3933 882 4017 regnante
909 3919 1084 3997 Cunrado
1098 3941 1184 4015 rege
1206 3918 1378 4005 secundo,
1404 3931 1497 3994 tem·

225 4041 315 4118 pore
340 4019 506 4126 Heirrrici
528 4021 735 4118 Mogontiui
750 4020 1027 4124 archiepiscopi,
1042 4021 1107 4102 sub
1122 4021 1272 4102 domino
1287 4020 1498 4202 Fobipnando

820 4125 867 4208 11
892 4150 917 4222 3
1300 4147 1326 4202 2
1376 4137 1447 4215 ate,
