4000 5417
434 516 437 523 .
558 486 606 551 ro
908 461 1093 541 Cuaou.
1121 483 1177 539 ιτ
1201 459 1416 541 Canama

506 628 1088 663 ..uun—m

556 796 635 853 nos
655 768 795 851 omnia
810 768 1017 879 corrigere
1033 790 1110 881 pro
1127 794 1139 848 r
1168 761 1210 849 sa
1226 766 1490 879 antiquitatis
1507 772 1741 856 reverentia
1749 799 1827 855 nec

556 874 765 981 volumus,
784 877 1081 963 necdebemus.
1100 791 1167 965 Idp
1165 898 1311 991 utrum
1318 906 1377 963 ex
1384 882 1646 966 notariorum
1663 885 1827 996 imperi·

556 993 617 1078 tia
626 993 875 1105 provenerit,
884 1012 956 1077 aut
963 985 1268 1075 scribendarum
1276 986 1417 1102 legum
1432 988 1527 1077 talis
1536 1013 1634 1078 tunc
1642 991 1824 1080 calamus
1838 1010 1844 1019 ’

559 1098 708 1192 &usus
717 1105 928 1206 extiterit,
946 1123 1020 1188 aut
1028 1124 1154 1187 certae
1170 1102 1205 1189 F
1205 1130 1427 1187 raucorum
1435 1102 1601 1217 linguae,
1650 1136 1717 1193 uae
1733 1129 1825 1192 tum

559 1218 746 1304 maxime
763 1218 911 1329 viguit,
921 1213 1158 1325 hujusmodi
1178 1213 1305 1299 fuerit
1323 1214 1498 1319 idioma,
1515 1246 1601 1302 non
1616 1132 1714 1303 datis
1730 1248 1826 1305 con·

421 1430 423 1433 ,
558 1328 647 1416 stat.
666 1326 935 1415 Adtestautur
953 1326 1019 1411 bis
1035 1312 1824 1460 Salicorum,Ribua1'·iorumqueleges

559 1452 657 1553 'quae
675 1443 734 1525 ita
750 1469 808 1527 ex
836 1440 1014 1542 Latino,
1042 1440 1357 1552 Teutonicoque
1375 1441 1419 1527 dt
1444 1436 1693 1553 quibusdam
1720 1438 1825 1527 mio

450 1659 454 1667 ν
559 1550 647 1639 litis
680 1555 909 1684 promixtae
933 1548 1058 1655 sunt,
1085 1551 1133 1639 dt·
1148 1550 1395 1639 didiionibus
1419 1554 1637 1653 intercisis,
1665 1554 1747 1639 five
1764 1558 1823 1637 in·

560 1668 743 1779 tricatrs,
772 1666 1011 1776 caiibusque
1029 1662 1310 1752 amfrartuofis
1334 1661 1402 1750 vel
1425 1666 1727 1781 praeposteratis
1754 1664 1825 1751 de·

559 1774 745 1891 scriptae,
764 1786 823 1863 'ut
839 1776 987 1861 nostrae
1007 1779 1060 1862 ab
1079 1776 1262 1862 studiofis
1288 1804 1434 1862 earum
1450 1773 1463 1862 l
1517 1782 1562 1881 i,
1587 1774 1825 1891 dinosciquo

560 1886 738 1977 valeant.
766 1886 850 1977 Sed
868 1918 946 1974 nos
963 1892 1145 1993 utinam,
1173 1892 1247 2002 qui
1261 1887 1475 2004 politiores
1518 1891 1699 2005 oquendi
1714 1918 1826 1975 ama-

559 2029 655 2087 mus
671 2000 922 2103 munditias,
951 2022 1042 2087 tam
1057 2007 1223 2089 ornatui
1237 2002 1496 2091 studeremus
1516 2033 1683 2091 morum
1698 2030 1825 2116 quam

558 2114 806 2215 verborum,
835 2113 901 2215 dt,
918 2134 967 2200 ut
990 2116 1050 2201 ait
1077 2116 1348 2216 MacrobiuS,
1376 2120 1617 2202 viveremus
1670 2117 1824 2203 raeteri·

558 2228 614 2313 tis
633 2227 819 2312 moribus
837 2225 881 2313 dr
898 2222 1170 2341 praesentibus
1187 2227 1327 2311 verbis
1335 2222 1614 2337 loqueremur.
1676 2256 1757 2311 unc
1771 2225 1824 2311 ad

557 2338 813 2453 propositum
835 2360 1106 2426 revertamur.

672 2447 1008 2539 Gundelandus*
1019 2451 1281 2564 igiturabbas
1297 2452 1340 2533 in
1357 2450 1464 2560 juris
1489 2444 1550 2535 sui
1570 2452 1713 2562 quieta
1731 2475 1825 2566 pos·

560 2561 754 2667 sessione,
783 2584 874 2650 tum
903 2562 1083 2649 distante
1103 2562 1293 2674 justitia,
1322 2583 1416 2646 tum
1435 2565 1549 2675 regia
1577 2560 1826 2649 austoritate

561 2676 829 2764 confirmatus
865 2669 1216 2765 Laureshamense
1251 2672 1543 2759 monasterium
1570 2702 1668 2760 cum
1696 2678 1830 2761 omni·

561 2792 640 2879 bus
656 2786 751 2873 illuc
769 2790 1069 2904 pertinentibus
1086 2791 1129 2873 in
1154 2787 1365 2872 manus&
1384 2787 1715 2872 mundeburdem
1742 2786 1829 2901 glo

561 2902 655 2991 riosr
682 2903 792 3016 regis
829 2900 1015 2991 CARom
1051 2900 1249 3002 tradidit,
1278 2919 1484 3012 quatenus
1513 2897 1740 3032 privilegiis
1772 2902 1830 2984 in·

561 3016 591 3105 fi
619 3020 779 3101 niretur
803 3010 1038 3129 regalibus,
1068 3017 1136 3099 cui
1174 3012 1477 3123 benigniffimus
1511 3041 1590 3096 rex
1611 3010 1828 3125 privilegia

563 3046 766 3215 libertatis
792 3126 836 3214 br
861 3128 1104 3212 emunitatis
1124 3120 1341 3227 eontulit,
1386 3120 1639 3234 liberamque
1664 3123 1826 3207 abbatis

457 3330 459 3335 .
563 3238 806 3329 elediionem
822 3238 1022 3325 fratribus
1048 3236 1237 3347 ejusdem
1258 3235 1493 3321 monasterii
1508 3234 1551 3319 in
1574 3255 1826 3351 perpetuum

490 3486 494 3493 x
560 3356 769 3472 praestitit,
786 3378 969 3467 quorum
986 3372 1108 3438 tenor
1125 3345 1220 3453 talis
1248 3348 1316 3452 est,

449 3676 458 3685 .
1155 3528 1229 3657 tv.
1483 3600 1489 3609 ·

557 3698 818 3813 Praeceptum
845 3694 985 3783 Caroli
1007 3691 1157 3803 Magni
1171 3697 1217 3781 de
1242 3692 1424 3781 libertate
1439 3692 1606 3807 ey‘urdem
1619 3690 1763 3816 Ioci&
1783 3692 1828 3778 de
1881 3744 1887 3757 .

1009 3804 1188 3894 eleffione
1210 3806 1378 3894 abbatis.

556 3953 757 4081 canotus
780 3942 849 4017 Dei
863 3939 981 4055 gratia
994 3959 1061 4012 rex
1073 3940 1296 4055 Francorum
1310 3941 1367 4047 vir
1386 3938 1523 4017 illuster
1537 3938 1736 4053 ‚omnibus
1750 3936 1825 4035 epi-

627 4044 769 4146 scopis,
796 4042 1017 4129 abbatibus,
1050 4039 1279 4128 comitibus,
1321 4042 1518 4141 vestrisque
1545 4042 1748 4138 junioribus
1770 4051 1828 4112 at-

1703 4160 1773 4237 que

1625 3441 1646 3481 ἱ
