4000 5417
512 462 616 543 Suc.
641 460 748 541 v·111
774 458 973 539 Cnuouo
998 479 1134 537 nunu

164 768 314 883 galiter
333 764 551 853 abdicante
569 794 580 861 ;
608 762 908 853 Gundelandus
936 767 1140 881 accepite
1159 789 1257 877 rege
1281 785 1441 855 cartam

77 922 81 934 ⁴
163 880 514 972 evindicatoriam
530 876 635 965 hunc
649 877 823 965 modum
839 880 1141 965 continentem.

765 1128 836 1221 ΠΙ.

322 1279 584 1395 Praeceptum
612 1275 937 1367 evindicatoriurn
959 1279 1108 1395 Magni
1126 1274 1281 1371 Caroli.

131 1478 134 1483 ·
165 1455 365 1587 anocus
387 1445 510 1544 gratia
526 1446 596 1523 Dei
616 1468 683 1523 rex
699 1444 944 1535 Francorum,
968 1446 1196 1525 virillustris.
1210 1442 1376 1523 Veniens
1391 1442 1441 1521 ud

236 1570 307 1625 nos
323 1550 514 1651 Harijicllio
534 1548 675 1648 palatio
690 1548 749 1625 vir
763 1549 981 1625 venerabilis
1005 1550 1271 1627 Gundelandus
1286 1546 1438 1625 abbadc

165 1650 382 1727 monasterio
409 1650 665 1740 Lauresham,
698 1648 765 1727 ubi
787 1650 928 1726 santius
950 1652 1128 1729 Nazarius
1148 1666 1291 1748 martyr
1306 1648 1345 1727 in
1358 1672 1438 1725 cor·

165 1774 252 1853 pore
268 1752 477 1849 requiescit,
504 1753 609 1827 nobis
624 1753 809 1841 innotuit,
836 1776 881 1826 eo
897 1756 993 1850 quod
1012 1755 1125 1828 homo
1138 1753 1270 1849 uliquis
1290 1752 1437 1827 nomine
1561 1798 1567 1805 -

165 1856 447 1929 Huimuurcus
469 1854 513 1927 de
528 1854 603 1952 ipso
616 1852 832 1929 monasterio
847 1854 1050 1931 calumnias
1074 1874 1248 1948 generare
1264 1852 1436 1939 voluiiiet,
1570 1862 1575 1872 '

165 1956 261 2029 dum
276 1952 430 2041 diceret,
456 1956 554 2051 quod
569 1954 653 2030 suus
665 1970 769 2054 pater
794 1954 959 2031 concon
973 1978 1060 2031 eum
1080 1954 1126 2027 de
1139 1952 1212 2050 ipso
1226 1952 1437 2027 monasterio

166 2054 345 2132 vestitum
371 2054 574 2145 diminuet,
601 2055 736 2156 &ipse
762 2056 1031 2151 Gundelandus
1050 2052 1207 2153 praeiens
1218 2050 1375 2139 astabat,
1399 2050 1440 2126 dc

167 2155 556 2233 causammomuibus
570 2158 801 2255 denegabat,
829 2160 922 2233 dum
938 2158 1100 2242 diceret,
1126 2152 1225 2250 quod
1239 2153 1323 2227 avia
1336 2150 1443 2249 ipsius
1591 2181 1596 2204 ι
1642 2187 1646 2195 -

166 2255 369 2335 Heimerici
389 2258 539 2332 ,nomine
556 2250 857 2337 chuxswxuuu'
874 2260 934 2333 vei
950 2258 1097 2353 genitor
1108 2254 1193 2329 suus
1207 2252 1352 2329 Cancor
1361 2274 1442 2349 ger·

164 2383 278 2435 mano
304 2357 365 2434 suo
391 2359 539 2434 domino
565 2360 807 2435 Ruuonuno'
837 2356 1110 2457 archiepiscopo
1138 2353 1339 2430 tradidiiset
1377 2354 1437 2429 vei

166 2458 430 2548 confirmasset,
457 2460 495 2537 dc
510 2462 623 2536 talem
646 2462 815 2537 chartam
828 2460 937 2537 nobis
950 2458 1085 2535 exinde
1104 2456 1260 2553 protulit
1278 2456 1326 2531 ad
1347 2456 1439 2531 reie·

167 2564 353 2661 gendum3
381 2576 467 2639 tunc
482 2561 552 2661 ipse
577 2564 813 2639 Heimericus
835 2574 922 2638 urite
944 2584 1014 2636 nos
1028 2558 1153 2635 taliter
1165 2556 1237 2634 fuit
1252 2556 1437 2657 profeffus,
1459 2554 1463 2561 ’

166 2666 266 2763 quod
280 2665 326 2739 de
339 2664 409 2741 hac
423 2664 532 2741 causa
545 2666 603 2741 vel
619 2666 665 2741 de
681 2664 754 2765 ipso
780 2664 996 2741 monasterio
1012 2661 1174 2761 superius
1195 2660 1384 2736 nominato
1397 2660 1437 2737 in

167 2782 277 2853 antea
296 2790 483 2862 nunquam
497 2781 658 2865 tempore
683 2770 817 2845 debeat
830 2766 1059 2843 calummiam
1078 2784 1272 2861 generare,
1299 2762 1358 2838 sed
1372 2782 1437 2861 per
1586 2806 1590 2816 ,

166 2868 347 2944 festucam
362 2880 445 2937 ante
461 2888 528 2937 nos
548 2868 678 2941 exinde
692 2870 786 2943 dixit
810 2870 966 2955 exitum,
983 2882 1073 2943 tunc
1094 2888 1161 2941 nos
1175 2888 1334 2941 uxmcmn
1347 2864 1437 2940 iide-
1490 2888 1520 2925 c·
1553 2884 1557 2894 ’
1619 2935 1627 2948 ,

169 2968 272 3043 libus
287 2962 433 3050 nostris,
448 2962 560 3050 idest,
586 2966 770 3053 Hnnxuo,
794 2970 1058 3055 Rutunium,
1082 2966 1437 3055 chu1uuo,l·'uo-

170 3090 358 3145 uuonnro
372 3065 568 3143 comitibus
595 3088 662 3140 nec
683 3090 755 3143 non
770 3068 807 3145 &
829 3069 931 3145 vaffis
946 3068 1074 3145 nostris
1098 3070 1333 3156 Theoderico,
1348 3070 1437 3145 Ber·

170 3170 317 3257 thuido,
345 3166 543 3253 Aibwino,
555 3166 792 3269 ¹Frodbcrto,
818 3170 1054 3247 Gunthmaro
1073 3170 1196 3247 taliter
1211 3170 1276 3247 visi
1296 3170 1437 3249 fuimus

168 3269 402 3369 judicaviffe,
428 3282 472 3345 ut
495 3270 541 3341 de
553 3269 627 3343 hac
649 3268 753 3346 causa
773 3274 1052 3371 omnitempore
1078 3270 1151 3370 ipse
1166 3272 1279 3349 abbas
1297 3272 1436 3348 habeat

166 3375 422 3451 evindicatum
444 3382 556 3465 atque
571 3369 778 3467 elitigatum
791 3372 982 3451 &suillis
995 3373 1036 3449 iu
1059 3372 1287 3472 poihuodum
1299 3398 1347 3448 ex
1367 3371 1441 3447 huc

173 3500 210 3552 re
224 3477 367 3553 sublata
382 3468 578 3585 causatio„
1546 3506 1553 3517 ·

171 3678 396 3850 Siquis*
421 3674 461 3759 in
479 3672 557 3759 huo
576 3659 898 3807 ¹privilegiorum
917 3666 1087 3759 transcri
1114 3676 1228 3777 tione
1245 3674 1473 3761 barbarie·
1484 3688 1595 3758 Omisn

259 3816 356 3873 mos
371 3788 451 3875 five
466 3782 701 3875 solecismos
719 3786 759 3875 le
788 3815 864 3873 ens
880 3700 1208 3905 reprehenderit,
1225 3818 1310 3873 non
1325 3778 1611 3875 nobisffi‘m

173 3907 375 4018 imputet,
402 3897 470 3987 sed
487 3930 704 3990 recurrens
719 3816 787 3989 uri
793 3899 1009 4018 originalia
1023 3898 1159 3991 multu
1185 3899 1306 4020 plura
1321 3906 1364 3989 in
1380 3904 1440 3993 eis

176 4018 406 4105 verborum
432 4014 638 4106 duntaxat
653 4019 769 4122 vitia,
788 4045 873 4221 mili
896 4010 1088 4105 sensuum
1104 4019 1318 4136 reperiet,
1345 4046 1441 4133 quae

1307 4161 1387 4221 uus
