4000 5417
518 366 595 527 3θὲ
1003 418 1361 501 'summm

519 640 694 665 μ

517 728 648 835 sterio,
672 724 773 824 quod
788 736 941 801 vocatur
966 724 1215 813 Lauresham,
1240 723 1346 825 super
1359 724 1518 803 fluvium
1539 728 1715 821 Wlss'oez‚
1728 736 1796 812 ubi

517 828 739 909 venerabilis
758 826 854 903 abba
880 826 1150 903 Gundelandus
1169 826 1314 925 praeeffe
1334 828 1507 918 videtin,
1540 830 1795 933 donatumque

469 1014 477 1027 ,
518 934 558 1009 in
573 944 788 1033 perpetuum
813 926 882 1003 effe
903 928 1016 1014 volo,
1041 928 1112 1003 hoc
1133 926 1202 1017 est,
1226 950 1307 1005 rem
1320 952 1446 1005 meam
1468 930 1508 1005 in
1526 956 1626 1033 pago
1650 937 1792 1014 Lobod,

518 1036 558 1111 in
573 1034 673 1111 villis
688 1030 906 1129 nuncupatis
932 1027 1233 1129 Hantscuiesheim
1247 1028 1287 1107 ἃ
1304 1030 1537 1122 Wnenhaim,
1562 1035 1792 1135 &quidquid

519 1137 559 1213 in
573 1134 657 1235 ipiis
671 1130 831 1220 mansis,
856 1131 1019 1229 campis,
1043 1130 1178 1229 pratis,
1194 1131 1355 1229 pascuis,
1369 1133 1523 1233 perviis,
1537 1134 1660 1227 siluis,
1672 1141 1793 1236 aquis,

521 1256 758 1335 aquarumve
771 1231 1006 1321 decurfibus,
1029 1232 1158 1307 omnia
1188 1232 1228 1309 ἃ
1249 1256 1297 1307 ex
1321 1234 1493 1309 omnibus
1505 1287 1518 1323 ,
1543 1236 1585 1313 δι
1605 1241 1793 1339 mancipia

518 1340 579 1416 his
605 1334 815 1413 nominibus
847 1386 858 1423 ,
900 1332 1064 1409 Gifilhilt
1086 1356 1174 1408 cum
1193 1332 1280 1409 iuis
1309 1334 1558 1426 infantibus,
1609 1342 1792 1419 Fridohilt

518 1464 607 1517 cum
638 1434 839 1513 infantibus
854 1434 950 1522 suis,
975 1434 1161 1510 Berethilt
1179 1456 1267 1510 cum
1291 1436 1494 1516 infantibus
1518 1436 1619 1528 suis,
1652 1443 1792 1520 Werda

517 1566 605 1619 cum
646 1536 845 1614 infantibus
884 1533 983 1624 suis,
1015 1536 1167 1633 Hagina
1189 1558 1278 1613 cum
1301 1537 1518 1616 infantibus
1548 1538 1639 1631 suis,
1664 1544 1791 1635 Friko,

381 1708 389 1719 .
517 1640 727 1727 Wolfwan,
744 1638 899 1733 Libger,
925 1636 1112 1732 Sigeram,
1137 1638 1362 1730 Theotdolt‚
1388 1640 1589 1739 Gumbirg,
1604 1665 1692 1720 cum
1705 1666 1790 1721 om·

516 1744 626 1823 nibus
666 1738 826 1840 superius
851 1736 1043 1836 descriptis
1081 1737 1129 1813 de
1148 1735 1232 1835 jure
1252 1764 1338 1817 meo
1376 1741 1417 1818 in
1434 1740 1497 1839 jns
1521 1742 1790 1822 &dominium

519 1843 628 1921 fausti
654 1839 802 1919 Nazarii
823 1838 929 1915 trado
955 1852 1069 1935 atque
1090 1840 1336 1944 transfundo,
1360 1843 1438 1932 ita,
1462 1858 1507 1921 ut
1531 1844 1701 1947 deinceps
1719 1847 1788 1924 ha·

517 1946 636 2025 beatis
657 1940 871 2045 potestatem
895 1940 941 2015 de
955 1938 1041 2039 ipfis
1061 1942 1191 2033 rebus,
1216 1943 1395 2043 quidquid
1413 1966 1481 2045 pro
1495 1946 1654 2026 utilitate
1673 1951 1790 2026 eccle·

515 2046 579 2125 fiae
596 2044 723 2123 vestrae
742 2043 861 2119 facere
886 2042 1133 2127 decteveritis.
1185 2044 1228 2121 Si
1242 2046 1328 2143 quis
1342 2071 1430 2124 vero
1454 2062 1583 2127 contra
1606 2050 1705 2127 hanc
1725 2052 1792 2126 do·

515 2149 703 2229 nationem
724 2169 748 2222 a
769 2168 830 2221 me
853 2144 990 2220 fastam
1016 2146 1142 2222 venire
1167 2150 1437 2248 temptaverit,
1462 2145 1508 2227 ὅ
1525 2163 1635 2225 cetera
1658 2174 1789 2249 usque:

515 2247 749 2351 stipulatione
769 2244 944 2323 subnixa.
996 2244 1135 2323 Aimm
1164 2246 1203 2324 in
1237 2248 1454 2326 monasterio
1485 2248 1698 2324 [aarum
1722 2250 1788 2327 sub
1919 2328 1927 2347 ,

516 2352 576 2429 die
592 2349 632 2428 &
645 2342 834 2449 (empore,
859 2369 933 2445 quo
949 2346 1068 2445 supra.
1121 2349 1200 2445 Sig.
1224 2351 1478 2436 Teuthlindae,
1502 2370 1589 2445 quae
1608 2350 1706 2424 hanc
1721 2351 1787 2423 do·

517 2452 705 2531 nationem
718 2450 797 2525 fieri
819 2447 858 2525 δι
878 2446 1018 2525 firmari
1039 2452 1209 2546 rogavit,
1229 2450 1372 2545 ‘fignum
1386 2447 1594 2546 Rutgangi,
1619 2449 1781 2539 Udonis,
1870 2518 1876 2526 .

515 2553 712 2639 williheri.
765 2550 849 2649 Ego
874 2550 1223 2650 Grimariusscripfi.

991 2848 995 2859 ,
1016 2747 1273 2843 OCCXXV.

515 2884 694 2979 Donatio
713 2878 943 2993 Hartuuige'
959 2879 1001 2967 in
1028 2880 1156 2967 cadem
1173 2879 1293 2983 villa,
1318 2904 1422 2966 anno
1439 2878 1495 2971 X
1505 2878 1625 2991 regni
1642 2876 1791 2967 domini

551 2999 673 3111 nostri
688 2997 835 3090 Karoli
852 2986 963 3107 regis
979 2992 1470 3195 rizgsnfflffiabbate,
1490 2992 1616 3084 VIII
1626 2991 1761 3079 kalm-

509 3284 614 3417 Ego
633 3275 855 3395 'Hamuigus
870 3296 935 3373 pro
949 3272 1111 3347 remedio
1132 3272 1269 3347 animae
1285 3292 1380 3387 nieae
1394 3266 1542 3387 donoin
1567 3265 1700 3385 Chfisti
1715 3282 1784 3384 ηρ-
1811 3272 1825 3281 “

591 3400 690 3455 nune
713 3378 762 3455 ad
786 3377 947 3453 sanetum
962 3388 1167 3469 martyrem
1194 3372 1421 3459 Nazanum,
1447 3392 1509 3467 qui
1530 3369 1719 3465 requiesmt
1742 3391 1784 3444 m

513 3504 662 3583 corpore
687 3480 726 3557 in
750 3504 846 3579 pago
870 3475 1044 3563 Rinensi‚
1071 3476 1109 3548 in
1131 3472 1367 3560 monasterio,
1393 3473 1492 3570 quod
1506 3484 1657 3547 vocatur
1681 3471 1785 3545 Lau·

513 3584 672 3673 resham,
689 3581 792 3683 super
807 3579 960 3655 fluvium
974 3574 1131 3655 Wiffcoz
1147 3574 1232 3663 fito,
1245 3574 1309 3669 ubi
1322 3574 1379 3649 vir
1400 3573 1619 3650 venerabilis
1632 3571 1785 3647 Gunde-

512 3688 644 3765 landus
670 3686 763 3762 abba
778 3680 922 3783 praeeffe
947 3680 1118 3765 videtur,
1145 3678 1396 3772 donatumque
1421 3676 1460 3750 in
1475 3688 1693 3775 perpetuum
1714 3671 1786 3749 effe

510 3790 608 3877 volo,
623 3788 694 3862 hoc
710 3785 770 3873 est,
785 3783 988 3883 portionem
1003 3802 1126 3857 meam
1136 3778 1181 3854 de
1197 3798 1270 3853 una
1287 3778 1404 3863 vinea,
1413 3800 1499 3873 quae
1511 3775 1611 3873 jacet
1627 3776 1721 3852 inter
1729 3774 1785 3851 vi·

510 3916 599 3969 neas
622 3890 732 3967 saniti
757 3886 926 3970 Nazarii,
952 3883 991 3956 in
1008 3882 1071 3955 illo
1086 3879 1211 3956 clauso
1230 3880 1278 3955 ad
1303 3876 1604 3976 Hantscubesheim
1625 3878 1663 3952 in
1678 3875 1787 3950 Lobo-

515 3996 708 4091 dungowo,
732 4010 756 4065 a
770 3988 829 4063 die
842 3982 1021 4087 praesente
1036 3982 1083 4059 de
1092 3980 1176 4078 jure
1191 4002 1275 4057 meo
1289 3978 1400 4079 111qu
1415 3980 1454 4083 ἀ
1468 3980 1684 4155 dominiumf
1692 3999 1788 4093 με·

1679 4092 1733 4154 atl
