4000 5417
887 426 1072 505 Cnnou.
1100 448 1155 503 nr
1179 426 1392 505 Cunnrns
1452 438 1458 447 ·

533 736 594 811 lus
613 756 766 822 comes,
790 734 915 809 nullus
947 730 1237 830 archiepiscopus
1269 732 1330 807 ves
1355 731 1566 829 episcopus,
1593 733 1653 809 vel
1685 734 1798 808 etiam

535 837 788 936 quorumlibet
811 835 1004 909 hominum
1030 854 1191 927 magna,
1217 856 1405 931 parvaque
1426 856 1511 930 pars
1531 834 1729 934 praesumat
1747 835 1799 909 ei·

536 941 622 1013 dem
632 938 829 1014 venerabili
844 936 1060 1011 monasterio
1074 937 1254 1009 damnum
1268 933 1340 1010 srve
1354 934 1558 1012 molestiam
1567 934 1799 1023 inferre,sive

538 1042 584 1116 de
599 1042 706 1115 rebus
719 1037 758 1115 dr
771 1036 1035 1137 possessionibus
1055 1036 1164 1135 ipsius
1189 1036 1331 1111 auferre
1347 1038 1406 1113 vei
1427 1035 1614 1127 alienare,
1639 1037 1698 1113 sed
1711 1038 1799 1113 sicut

537 1142 687 1219 anobis
713 1138 752 1217 dt
772 1138 1031 1216 confirmatum
1045 1138 1120 1226 est,
1142 1140 1193 1213 ita
1209 1138 1430 1239 perennibus
1443 1137 1482 1214 dc
1506 1141 1693 1239 perpetuis
1705 1151 1798 1213 tem·

537 1243 687 1343 poribus
703 1241 774 1317 srne
803 1240 928 1337 aliqua
955 1240 1211 1316 imminutione
1237 1240 1350 1315 liceat
1368 1239 1550 1316 finetenus
1575 1261 1797 1339 permanere.

537 1344 578 1421 Si
592 1344 674 1441 quis
690 1357 840 1430 autem,
867 1342 966 1439 quod
987 1368 1061 1417 non
1073 1356 1276 1440 optamus,
1303 1341 1500 1417 temerario
1515 1344 1605 1418 ausu
1625 1342 1800 1437 extiterit,

538 1446 602 1545 qui
618 1442 749 1521 contra
759 1444 830 1518 hoc
851 1442 1012 1518 nostrum
1036 1444 1241 1542 apostolicae
1255 1442 1542 1519 confirmationis
1566 1444 1803 1545 privilegium

539 1546 688 1634 venire,
715 1558 780 1621 aut
795 1544 832 1619 in
846 1564 1035 1647 quoquam
1051 1546 1278 1642 disrumpere
1292 1544 1555 1643 praesumserit,
1580 1545 1619 1623 &
1639 1545 1732 1621 ficut
1745 1544 1802 1620 su·

541 1670 607 1746 pra
628 1670 651 1721 a
676 1646 781 1723 nobis
802 1645 1061 1722 confirmatum
1076 1644 1153 1733 est,
1178 1646 1232 1721 ita
1252 1665 1466 1745 permanere
1498 1670 1573 1722 non
1597 1646 1801 1734 dimiserit,

543 1747 630 1823 sciat
646 1747 704 1836 se,
730 1746 795 1823 nist
815 1746 1019 1847 resipiscat,
1044 1746 1257 1828 austoritate
1282 1749 1349 1823 Dei
1367 1749 1629 1848 omnipotentis
1649 1748 1690 1827 dr
1705 1748 1803 1825 beati

541 1849 640 1925 Petri
655 1848 899 1947 apostolorum
924 1848 1122 1948 principis,
1148 1862 1259 1945 atque
1273 1848 1418 1936 nostra,
1443 1850 1507 1946 qui
1521 1848 1601 1945 ejus
1613 1849 1805 1948 fungimur

544 1946 798 2039 vicariatione,
814 1950 1064 2027 anathematis
1081 1951 1226 2026 vinculo
1238 1948 1306 2025 esse
1321 1950 1583 2040 innodandum,
1591 1966 1704 2050 atque
1718 1974 1805 2028 cum

541 2052 637 2151 Juda
655 2053 829 2129 traditore
855 2052 1005 2127 Domini
1030 2052 1139 2127 nostri
1162 2052 1245 2151 Jesu
1265 2050 1424 2139 Christi,
1451 2051 1490 2129 dt
1511 2075 1600 2128 cum
1632 2056 1806 2130 omuibus

438 2190 444 2201 ·
520 2152 666 2251 ‚impiis
691 2154 730 2227 in
745 2172 882 2230 aetemo
907 2154 1076 2229 incendio
1100 2153 1437 2244 concremandum
1470 2154 1538 2251 qui
1558 2177 1644 2231 vero
1662 2156 1725 2253 pio
1750 2157 1806 2231 in-

543 2256 639 2329 tuitu
654 2254 770 2329 custos
784 2254 821 2331 &
835 2253 1047 2329 observator
1061 2255 1242 2342 extiterit,
1269 2252 1381 2349 hujus
1395 2254 1505 2330 nostri
1520 2254 1703 2354 apostolici
1717 2280 1806 2332 con·

539 2353 757 2429 firmationis
773 2355 955 2454 privilegii
983 2356 1240 2432 benedisiionis
1253 2358 1412 2451 gratiam
1439 2355 1702 2453 ajuiiojudioe
1727 2359 1803 2433 Do·

542 2455 644 2529 mino
658 2456 737 2529 Deo
752 2454 870 2531 nostro
885 2457 1054 2553 consequi
1069 2458 1298 2533 mereaturin
1315 2457 1447 2533 saecula
1460 2459 1678 2535 saeculorum
1684 2481 1804 2534 amen

541 2555 728 2652 Scriptum
744 2578 809 2653 per
822 2580 976 2631 manum
993 2558 1172 2657 Stephani
1187 2558 1358 2634 scriniarii
1374 2558 1463 2634 sacri
1479 2561 1617 2658 palatii,
1632 2562 1670 2634 in
1684 2559 1805 2635 mense

544 2656 694 2731 Otiobre
709 2656 747 2732 dt
763 2657 953 2751 indisiione
980 2660 1043 2735 ΙΙΙ.
1095 2660 1199 2735 Bene
1214 2661 1346 2735 valete.
1399 2662 1540 2735 Datum
1552 2662 1657 2736 Xilll
1678 2662 1805 2735 italen-

361 2745 414 2815 ¹9·
431 2725 502 2877 23·
545 2756 613 2841 das
640 2758 821 2834 Novemb.
838 2781 901 2857 per
916 2782 1069 2836 manum
1095 2761 1273 2862 Johannis
1286 2760 1439 2859 episcopi
1464 2762 1593 2839 sanstae
1618 2761 1805 2861 Nepesrnae

399 2834 443 2900 9⁹
466 2860 475 2880 ⁰
545 2859 728 2950 ecelesiae,
755 2860 793 2936 dr
819 2860 1057 2939 bibliotecarii
1079 2862 1206 2939 saniiae
1233 2862 1326 2937 sedis
1350 2861 1582 2961 apostolicae,
1608 2888 1703 2940 anno
1718 2888 1806 2963 pon·

545 2960 703 3037 tificatus
719 2962 857 3037 domini
878 2962 988 3037 nostri
1013 2962 1190 3063 Johannis
1207 2962 1406 3039 sanstissmi
1431 2964 1541 3062 Papae
1561 2967 1606 3052 V,
1632 2968 1670 3040 in
1686 2965 1810 3040 mense

545 3061 694 3137 Osiobre
716 3062 753 3138 dt
769 3063 961 3140 indidione
985 3064 1090 3164 supra
1110 3066 1239 3164 scripta
1262 3066 1325 3153 III,
1352 3070 1548 3167 imperante
1561 3066 1714 3140 domino
1738 3089 1808 3141 no-

543 3158 612 3267 stro
639 3163 771 3240 Ottone
787 3166 896 3241 tertio
913 3168 1144 3266 imperatore.

433 3486 436 3495 ’
548 3490 645 3583 Item
679 3494 873 3609 Gregorii
898 3496 1006 3610 (V)
1016 3363 1437 3613 pbfffflibertate
1474 3496 1813 3611 Lauresiromcrrfis

1102 3612 1278 3719 ecclrstac.

392 3786 404 3811 ·
545 3767 808 3899 Gannonrns
825 3736 1014 3865 episcopus
1041 3766 1165 3844 servus
1178 3766 1365 3885 servorum
1379 3770 1448 3886 Dei
1462 3768 1816 3889 dileffiffirnoindo·

544 3864 1820 4089 „2¹¹t¹²ii,¹¹2tistst¹stsrstsbtttsttssstirt

1668 4087 1772 4151 nus·
