4000 5417
504 380 610 457 Suc.
642 377 679 455 X
718 378 1173 465 omousianos.
1389 410 1459 484 rrq

193 692 285 767 tione
299 690 347 767 ad
368 684 487 785 ipsum
509 684 641 760 tradidi
668 684 927 763 monasterium
944 739 954 773 ,
981 686 1156 784 quicquid
1174 687 1290 765 habui
1312 688 1351 763 in
1371 711 1462 788 prae·

191 794 257 867 diis
272 792 310 869 ὅ(
327 786 521 885 mancipiis
537 786 575 861 in
602 786 742 863 duabus
760 788 875 876 villis,
902 788 1039 863 scilicet
1053 790 1091 863 in
1115 789 1329 889 Plangestat
1342 789 1380 867 dt
1395 792 1463 865 Ho-

191 892 323 995 tersior,
349 892 388 965 in
412 910 506 987 pago
532 887 775 985 Rineclrgouue,
792 890 829 965 in
855 894 1019 963 comitatu
1044 893 1238 967 Cunnum
1265 916 1461 981 courir-rc,

189 994 323 1081 idest,
349 988 495 1067 mansos
521 985 609 1085 vjjjj,
634 1015 720 1065 curn
746 992 917 1067 omnibus
932 994 1108 1088 legitimis
1134 992 1356 1093 appenditiis
1370 994 1459 1083 luis,

110 1145 113 1152 -
188 1094 369 1193 &accepi
390 1094 429 1167 in
454 1090 584 1165 eodem
607 1115 706 1190 pago
734 1092 973 1169 &comitatu
997 1094 1037 1169 in
1058 1094 1241 1185 marcha,
1267 1098 1317 1171 ad
1331 1096 1461 1172 villam

187 1198 319 1272 Saltim
352 1194 485 1269 dittam
518 1194 749 1291 pertinente,
776 1197 824 1269 ad
844 1198 1178 1291 augmentationem
1195 1198 1357 1297 praeditti
1372 1222 1460 1273 con·

188 1296 323 1374 cambii
338 1294 484 1373 mansos
503 1290 582 1391 jjjj,
608 1293 774 1371 similiter
788 1320 874 1372 curn
896 1298 1068 1374 omnibus
1092 1300 1270 1396 legitimis
1284 1301 1459 1399 appendi·

188 1400 248 1475 tiis
267 1398 350 1473 luis.
393 1396 585 1473 'Praeterea
600 1419 746 1495 quoque
768 1400 936 1493 legitima
950 1401 1142 1484 traditione
1165 1402 1213 1477 ad
1240 1402 1458 1501 praeoraum

154 1582 157 1596 Ι
187 1500 323 1576 tradidi
345 1496 634 1584 monasterium
660 1500 834 1597 quicquid
854 1524 1015 1597 usquam
1042 1504 1272 1600 proprietatis
1285 1505 1402 1581 habui
1416 1506 1457 1579 in

185 1601 335 1701 praediis
356 1599 395 1676 dt
421 1600 700 1698 mancipiis'illa
725 1604 783 1699 die
800 1602 837 1679 dr
864 1604 1036 1701 deinceps
1051 1628 1167 1699 usque
1183 1606 1232 1679 ad
1257 1608 1455 1681 terminum

185 1705 277 1781 vitae
293 1724 387 1778 meae
403 1702 590 1797 acquirere
615 1716 768 1800 potero,
793 1712 1016 1799 omnemque
1030 1703 1295 1801 polleffionern,
1319 1730 1403 1803 quae
1419 1710 1456 1783 in
1527 1771 1532 1781 .

183 1802 363 1905 potestate
389 1801 560 1877 &domo
586 1824 699 1891 mea,
726 1804 787 1879 vel
809 1802 847 1877 in
868 1804 943 1878 alio
957 1826 1173 1901 quocunque
1196 1806 1277 1879 loco
1303 1806 1341 1880 in
1356 1808 1458 1881 omni

182 1903 399 2005 supelleitili
414 1902 452 1979 ὅ(
478 1902 672 1981 substantia
698 1918 842 2004 reperta
860 1904 980 1980 luerit
994 1906 1084 1980 vitae
1109 1927 1204 1981 meae
1230 1906 1362 1981 ultimo
1387 1908 1457 1983 die.

184 2008 299 2083 Hanc
325 2016 451 2079 autem
477 2005 713 2081 traditionem
739 2006 908 2081 maxime
927 2028 993 2105 pro
1010 2006 1172 2081 remedio
1195 2008 1332 2083 animae
1366 2030 1460 2085 meae

180 2107 423 2209 praesentibus
448 2106 584 2181 cundis
608 2106 803 2208 saepedicti
817 2106 1027 2183 monasterii
1058 2108 1278 2195 monachis,
1303 2110 1462 2187 caeteris-

181 2233 254 2309 que
271 2207 439 2331 fipelibus
466 2208 657 2285 clericis&
672 2210 804 2297 laicis,
831 2208 978 2284 consilio
992 2208 1032 2285 dr
1052 2210 1163 2285 verbo
1175 2208 1304 2286 santiae
1315 2227 1460 2285 memo·

180 2313 243 2388 riae
261 2306 409 2403 serp'oris
424 2309 505 2383 mei
524 2312 711 2386 Brunonis
728 2310 818 2398 feei,
845 2310 883 2387 dt
897 2325 941 2385 ut
955 2310 1171 2411 praeditlum
1189 2312 1458 2399 concambium,

145 2498 148 2503 ,
180 2409 272 2489 sicut
299 2408 465 2506 estregia
491 2412 706 2489 auttoritate
724 2412 940 2500 firmatum,
966 2436 1055 2487 cum
1074 2414 1140 2487 illa
1155 2414 1458 2507 augmentatione

180 2510 392 2591 mansorum
418 2527 575 2609 quatuor
591 2510 730 2611 jugiter
756 2514 849 2591 milri
865 2528 1017 2589 maneat
1039 2513 1295 2589 inconvulsum
1310 2538 1356 2590 ac
1386 2515 1457 2591 sta·

178 2617 262 2693 bile.
318 2612 437 2688 Testes
453 2613 563 2711 hujus
578 2618 628 2691 rei
641 2616 797 2693 luerunt
822 2618 994 2693 Gerbodo
1011 2631 1098 2692 tunc
1113 2615 1351 2715 praepolitus',
1378 2615 1456 2715 post

157 2720 322 2811 abbas,
349 2712 558 2809 Suitgerus,
583 2716 757 2797 Otbertus
772 2718 811 2795 dt
825 2719 887 2795 alii
907 2718 1020 2795 multi
1045 2732 1127 2796 tam
1141 2720 1316 2795 monachi
1339 2742 1455 2817 quarn

176 2821 284 2897 laici.

166 2984 169 2993 Ι
228 3030 352 3105 'nno
371 2956 402 3071 Ι*
436 3012 615 3105 Domini
657 3012 1023 3109 DCCCCXLllll.
1079 3018 1177 3107 Post
1210 3016 1667 3136 Ebergilummarreu

294 3130 405 3220 Otto
426 3126 696 3215 sereniffimus
714 3156 793 3215 rex
811 3158 1057 3244 germanum
1073 3130 1192 3219 suum
1205 3135 1460 3236 Brunonem‚
1559 3238 1563 3246 ⁵

180 3244 441 3335 Colonienfis
470 3238 580 3328 ledis
609 3238 956 3437 archiqpil'copum
972 3244 1017 3332 δι
1045 3250 1233 3331 omnium
1251 3248 1462 3334 virtutum

184 3356 363 3445 floribus
383 3356 664 3453 adornatum,
693 3356 730 3437 ei
759 3380 828 3439 em
845 3358 1093 3443 monasterio
1148 3356 1319 3443 raeiecic
1375 3356 1461 3443 Hic

179 3472 295 3557 inter
312 3492 469 3555 caetera
497 3468 667 3581 pietatis
684 3492 831 3581 opera,
859 3494 956 3580 quae
972 3498 1057 3579 non
1072 3384 1206 3553 loiirm
1233 3472 1276 3553 in
1293 3464 1458 3553 ecclesia

177 3584 250 3669 libi
264 3578 500 3681 commilla,
528 3576 746 3667 sedetiam
765 3578 1147 3692 pertotumfratris
1170 3607 1345 3693 regnum
1360 3578 1457 3663 lide-
1544 3681 1547 3690 1

175 3694 280 3781 liter
301 3694 345 3779 dr
372 3689 545 3779 feliciter
562 3684 696 3807 gestit,
727 3690 838 3806 apud
858 3686 966 3776 ledis
982 3687 1067 3777 suae
1092 3688 1359 3805 metropolim
1375 3693 1455 3778 tria
1593 3776 1596 3784 .

176 3806 429 3893 monasteria
459 3807 686 3893 construxit
705 3866 716 3907 ‚
732 3826 737 3835 “
754 3832 887 3893 unum
915 3804 1027 3920 apud
1054 3800 1239 3893 fantum
1268 3801 1455 3892 Pantale-

181 3950 342 4025 onem,
373 3916 450 4006 ubi'
461 3919 643 4007 creditus
670 3912 919 4037 requiescit,
948 3916 1060 4007 aliud
1084 3918 1138 4006 ad
1165 3914 1351 4010 laudium
1368 3921 1453 4008 An·

1155 4068 1160 4077 ·
1253 4032 1399 4120 dream
