4000 5417
599 394 676 484 48⁸
1052 377 1413 458 Tnanrrronns

602 711 670 792 pra
685 687 801 764 didius
827 685 1018 764 Brunicho
1033 739 1045 776 ,
1063 697 1158 764 ‘tam
1183 685 1318 776 terris,
1345 685 1516 785 campis,
1541 687 1690 786 pratis,
1715 689 1857 787 pascuis,

652 790 761 878 rviis,
788 787 905 877 ulvis,
925 789 1063 878 vineis,
1088 788 1279 877 domibus,
1293 787 1485 876 aedificiis,
1511 789 1643 875 acolis,
1672 793 1856 890 mancipiis,

636 893 667 972 is
682 891 910 968 nominibus:
937 891 1132 980 Fartman,
1158 891 1376 981 Willmant,
1401 889 1564 978 Frehild,
1588 891 1767 979 Luithilt,
1787 917 1858 967 cnm

606 993 691 1070 aliis
706 991 754 1092 vj,
781 1007 879 1069 terra
901 995 1003 1089 culta
1027 992 1065 1070 dt
1081 993 1246 1083 inculta,
1270 991 1381 1070 rebus
1403 992 1601 1068 mobilibus
1615 991 1659 1069 dt
1680 993 1856 1070 immobil·

604 1095 696 1185 bus,
722 1095 901 1194 quidquid
926 1095 1001 1171 dici
1041 1095 1101 1171 vel
1121 1094 1352 1171 denominari
1372 1093 1511 1195 potest,
1537 1093 1576 1170 in
1607 1109 1766 1194 unoque
1787 1097 1856 1171 lexu

606 1195 773 1294 majore,
799 1197 859 1273 vel
875 1198 1033 1286 minore,
1058 1197 1185 1272 omnia
1219 1196 1258 1274 dr
1279 1221 1328 1274 ex
1351 1197 1553 1285 omnibus,
1580 1219 1605 1271 a
1622 1197 1689 1272 die
1709 1198 1855 1298 prasente

609 1301 656 1375 de
668 1297 751 1397 jure
759 1297 880 1374 nostro
896 1299 935 1374 in
946 1297 1010 1396 jus
1023 1298 1061 1376 dt
1077 1299 1283 1376 dominium
1300 1299 1409 1376 santii
1425 1297 1576 1375 Nazarii
1590 1298 1785 1390 donamus,
1797 1314 1856 1376 tra·

605 1401 730 1478 dimus
751 1413 862 1498 atque
887 1401 1182 1478 transiundimus
1202 1400 1243 1476 in
1267 1401 1338 1478 Dei
1359 1401 1508 1476 nomine
1542 1403 1799 1500 perpetualiter
1816 1401 1854 1478 ad

606 1502 873 1604 pollrdendum,
899 1501 1131 1604 stipulatione
1145 1503 1312 1582 subnixa
1338 1501 1475 1579 Alium
1490 1501 1530 1578 in
1544 1504 1761 1580 monasterio
1777 1504 1853 1578 laa-

607 1607 769 1694 rosham,
799 1603 862 1682 sub
876 1605 937 1681 die
957 1605 995 1683 dt
1010 1617 1200 1706 tempore,
1226 1628 1302 1704 quo
1322 1603 1439 1706 supra.
1467 1605 1627 1701 Signum
1658 1603 1852 1683 Ratleibi&

503 1737 508 1746 ¹
605 1705 811 1804 Egisberti,
837 1707 900 1806 qui
913 1707 1011 1784 hanc
1030 1707 1267 1784 donationem
1292 1707 1375 1784 fleri
1394 1705 1434 1784 dt
1454 1705 1602 1782 firmari
1627 1719 1851 1806 rogavemnt,

589 1805 748 1905 'lignum
775 1809 949 1906 Rutgeri,
976 1808 1166 1897 leidradi,
1194 1809 1432 1898 Erkenberti,
1459 1809 1659 1899 Nithardi,
1684 1808 1850 1894 Ruthardi,

604 1909 799 2000 Stauheri,
826 1910 1016 2007 Regilonis
1028 1965 1039 2001 ,
1063 1911 1294 2001 Weniberti',
1321 1907 1557 1998 Hadubaldi,
1584 1903 1850 2009 Reginorum,

606 2011 783 2109 Egilolfi,
810 2013 1008 2109 wigberti,
1033 2011 1249 2109 sigihelmi,
1274 2011 1454 2100 Racheri,
1480 2011 1713 2094 Winimanni
1724 2010 1852 2115 praebi-

606 2115 697 2207 teri,
721 2113 942 2206 Beinhardi,
966 2113 1161 2194 Adalonis.
1213 2115 1296 2212 Ego
1310 2113 1496 2194 Rudolfus
1517 2111 1652 2216 scripsr.

1199 2314 1318 2410 DVI.

861 2445 1043 2544 Donatio
1067 2446 1260 2542 othmari
1275 2445 1318 2536 in
1345 2445 1476 2538 endem
1501 2442 1606 2536 villo.

605 2609 760 2752 Egoin
785 2611 854 2690 Dei
869 2615 1018 2690 nomine
1043 2613 1205 2694 Aotmar
1225 2637 1292 2717 pro
1308 2615 1434 2694 anirna
1452 2607 1610 2713 germani
1627 2610 1700 2689 mei
1721 2609 1853 2710 Regin·

684 2714 802 2803 berti,
828 2716 928 2813 quod
941 2715 1034 2792 mihi
1048 2718 1200 2796 tradidit
1214 2741 1331 2798 manu
1343 2716 1579 2820 potestativa,
1604 2715 1697 2792 dono
1711 2716 1761 2791 ad
1786 2715 1853 2790 san·

604 2815 702 2894 itum
718 2815 787 2894 Dei
802 2832 1008 2916 martyrem
1029 2820 1234 2898 Nazarium
1246 2819 1318 2900 &c
1344 2821 1383 2897 in
1397 2844 1493 2920 pago
1504 2820 1691 2896 Lobodon.
1711 2817 1751 2893 in
1777 2815 1852 2896 We·

606 2918 807 3023 inlustrat&
823 2920 862 2996 in
886 2921 1178 3018 Sigiriciaslaim‘,
1203 2923 1245 2998 in
1272 2921 1495 3005 Ulainisbeim
1511 2921 1605 3000 &in
1630 2921 1852 3003 coarmata,

606 3035 950 3120 quantumcumque
973 3023 1074 3100 visus
1089 3021 1160 3100 fnit
1174 3023 1337 3113 habere,
1361 3022 1600 3101 medietatem
1618 3048 1665 3100 ex
1688 3021 1855 3106 omnibus,

604 3133 685 3198 tam
702 3123 856 3213 manfis,
882 3125 1043 3224 carnpis,
1068 3125 1238 3225 pascuis,
1263 3126 1403 3225 pratis,
1429 3127 1589 3225 perviis,
1612 3124 1720 3212 siluis,
1744 3120 1855 3216 aquis,
1917 3188 1918 3227 p

607 3245 837 3321 aquarumve
852 3225 1081 3318 decursibus,
1097 3227 1193 3305 adin
1206 3227 1383 3328 praesente
1397 3229 1506 3304 trado
1529 3242 1641 3327 atque
1657 3221 1858 3304 transfundo
1917 3258 1918 3323 3

607 3324 648 3402 in
662 3325 869 3404 dominium
897 3327 1007 3406 sandi
1030 3327 1205 3420 Nazarii,
1230 3329 1309 3421 ita,
1334 3344 1379 3407 ut
1392 3330 1438 3407 ab
1459 3330 1534 3407 hac
1558 3329 1681 3409 die&
1702 3326 1859 3422 deinceps

605 3427 782 3528 adipsum
796 3429 957 3506 sanlium
980 3433 1104 3510 locum
1130 3430 1302 3533 proliciat
1326 3432 1625 3530 inaugmentum
1650 3427 1861 3533 stipulatione

604 3529 771 3609 subnixa,
823 3530 961 3610 Ailum
981 3533 1022 3610 in
1041 3533 1261 3612 monasterio
1285 3533 1484 3610 Learchum
1513 3535 1579 3612 sub
1603 3535 1670 3613 dic
1703 3533 1788 3612 Vlll
1806 3531 1862 3604 ba·

467 3683 476 3704 .
550 3681 559 3703 ·
602 3634 731 3710 lendas
758 3631 932 3731 Augusti,
960 3659 1057 3713 anno
1073 3636 1198 3714 XXlll
1212 3635 1315 3734 regni
1330 3635 1470 3714 domini
1486 3637 1597 3714 nostri
1624 3637 1756 3716 Karoli
1768 3635 1864 3732 impe·

601 3737 736 3812 tatoris
750 3737 996 3832 gloriosrffimi.
1048 3741 1214 3838 Signum
1223 3738 1406 3827 oanan,
1432 3739 1496 3837 qui
1514 3739 1615 3816 hanc
1644 3738 1865 3818 donationem
1916 3744 1917 3769 ³

599 3837 686 3914 lieri
702 3836 740 3915 dt
762 3839 908 3918 firmari
932 3841 1106 3938 rogavit,
1132 3841 1273 3938 signum
1299 3840 1533 3936 Engilwani,
1557 3841 1754 3923 Bicconis.
1802 3839 1865 3933 Ego

601 3937 848 4054 Reginbertus
862 3943 1068 4024 monachus
1080 3943 1122 4022 dt
1141 3943 1320 4022 &conus
1331 3941 1463 4047 scripti.
