4000 5417
1100 295 1160 316 δεμ

504 417 1145 548 ,xnnnnouononnnnns'n
1298 531 1309 539 ,
1394 450 1539 582 479

468 851 476 880 ,Κ
621 747 1040 848 CCCCLXXXVII·
1219 859 1230 874 ,

466 881 647 975 Donatio
670 879 897 976 Richlr'ndis
923 882 1012 973 Deo
1028 885 1232 1002 firmatae.

168 1099 171 1102 -
229 1076 255 1128 n
273 1047 405 1131 Christi
429 1050 577 1128 nomine
599 1048 662 1126 iub
684 1049 744 1124 die
766 1049 817 1125 III
838 1073 925 1126 non.
951 1048 1073 1147 Maji,
1099 1075 1195 1128 anno
1209 1051 1299 1132 XVI
1323 1050 1472 1157 'domini
1504 1061 1625 1148 μω.
1760 1145 1765 1152 .

214 1201 218 1206 -
253 1152 396 1254 Pippini
410 1153 517 1248 regn,
531 1175 601 1248 ego
614 1148 822 1227 RIchlindis
838 1151 918 1227 Deo'
934 1151 1074 1230 sacrata
1086 1177 1154 1253 pro
1168 1153 1331 1233 remedio
1338 1153 1475 1233 animm

202 1275 300 1334 meae
315 1257 412 1330 dono
426 1254 475 1331 ad
489 1252 652 1330 sanarum
678 1252 747 1330 Dei
761 1265 963 1352 martyrem
984 1255 1189 1333 Nazarium
1203 1255 1274 1333 &n
1299 1254 1372 1331 hoc
1397 1255 1472 1345 est,

203 1357 243 1433 In
272 1353 681 1457 Walaimstaisuperinn
697 1353 737 1432 Iit
752 1354 910 1452 infitiari
933 1357 1030 1434 inter
1044 1359 1176 1434 ambas
1194 1379 1368 1447 marcae,
1394 1371 1478 1436 tam

202 1456 358 1548 mansis,
372 1456 498 1546 terris,
523 1456 683 1557 campis,
709 1455 844 1556 pratis,
859 1456 1004 1556 pascuis
1020 1513 1031 1548 ‚
1047 1460 1201 1560 perviis,
1225 1459 1337 1550 salvia
1353 1461 1473 1557 aquis,

65 1613 68 1620 ,
203 1580 433 1656 aquarumve
450 1557 684 1648 decurfibnS,
710 1558 749 1636 δι
764 1559 942 1657 quidquid
955 1561 993 1636 in
1011 1558 1094 1658 jam
1116 1561 1221 1640 distis
1233 1563 1325 1640 Iocis
1336 1561 1475 1640 habere

203 1661 282 1740 visa
299 1660 397 1751 ium,
421 1663 586 1761 exceptis
595 1660 732 1759 jurnal.
747 1683 786 1749 x,
800 1675 922 1748 cetera
936 1663 1080 1752 omnia,
1105 1687 1190 1763 quae
1204 1687 1298 1742 meae
1312 1665 1473 1765 proprie·
1499 1713 1502 1717 J

203 1763 294 1840 tatis
308 1761 377 1838 effe
391 1763 588 1852 videntur,
614 1763 712 1840 adie
724 1762 900 1862 praesente
916 1764 1023 1840 trado
1039 1765 1409 1862 atquetransiundo,
1434 1765 1474 1842 δι
1573 1820 1575 1823 -

198 1861 255 1960 jjjj
271 1865 454 1962 mancipia
470 1865 534 1953 ita,
560 1880 604 1942 ut
618 1866 665 1941 ab
679 1864 751 1942 hac
765 1864 825 1942 die
849 1865 897 1942 ad
911 1865 1031 1964 ipsum
1047 1867 1172 1964 locum
1196 1866 1356 1942 Ianiium
1370 1867 1473 1942 omni
1525 1921 1537 1946 .

203 1966 1475 2168 {nemneminanimumniemez

569 2121 582 2158 ²

186 2169 389 2258 uoluerit,
413 2169 476 2245 ille
493 2170 627 2248 Inferat
647 2171 696 2247 ad
710 2170 829 2270 ipsum
843 2172 968 2246 lucum
996 2170 1159 2248 sanstum
1171 2171 1325 2271 duplam
1339 2193 1471 2270 peccu-

202 2269 323 2359 niam,
350 2293 462 2369 quam
485 2269 559 2370 ipsa
584 2272 842 2360 resvaIuerit,
869 2271 1035 2349 sociante·
1050 2272 1136 2348 fisco
1150 2273 1237 2349 auri
1260 2272 1393 2349 solidos
1419 2269 1470 2368 vj,

203 2371 346 2467 argenti
365 2369 567 2471 ponderajj
595 2373 717 2450 multa
741 2371 937 2462 sustineat,
963 2373 1001 2450 δι
1028 2374 1131 2472 quod
1140 2374 1296 2472 repetit,
1321 2375 1470 2450 evend'e·

201 2493 286 2549 care
300 2497 373 2549 non
388 2475 529 2563 valeat,
555 2469 617 2549 sed
629 2472 789 2574 praesens
802 2475 952 2550 donatio
967 2473 1034 2550 ista
1049 2476 1152 2551 omni
1176 2491 1342 2574 ternpore
1362 2473 1476 2552 finna

175 2615 177 2620 ·
198 2571 239 2656 δι
253 2571 390 2651 stabilis
401 2583 627 2676 permaneat
680 2575 838 2674 Signum
852 2574 1061 2653 Richlindis
1086 2577 1166 2653 Deo
1179 2574 1331 2654 sacratae
1346 2629 1356 2666 ,
1382 2598 1470 2673 quae
1495 2673 1500 2677 ,

199 2673 298 2750 hanc
317 2677 554 2752 donationem
578 2676 657 2753 fieri
678 2676 718 2755 Iit
742 2675 884 2755 firmari
898 2679 1057 2776 rogavit
1109 2677 1246 2756 Anum
1267 2678 1307 2757 in
1339 2701 1470 2753 mona·

200 2775 306 2849 sterio
331 2776 545 2852 lauresham
560 2775 791 2876 stipulatione
805 2779 975 2867 subnixa,
1002 2781 1063 2856 die
1078 2780 1297 2880 &tempore
1321 2802 1396 2876 quo
1413 2779 1470 2855 Iu·

226 2877 286 2947 ra
305 2873 462 2968 Signum
487 2877 664 2964 Geroldi,
689 2879 884 2968 Rutberti,
908 2880 1101 2971 HeidricI‚
1124 2879 1331 2970 LuitdoIfi‚
1357 2881 1471 2958 Bein·
1612 2955 1618 2982 ,

270 2972 317 3050 di.
371 2971 453 3070 Ego
477 2972 629 3088 Samuel
642 2975 771 3076 scripfi.

628 3127 1071 3274 ccccuxxxun.

455 3301 636 3392 Donatio
664 3303 864 3419 Siglindis
885 3308 926 3396 in
951 3309 1081 3397 endem
1107 3305 1216 3398 uilla.

201 3467 905 3661 Dunffissiiuhuirinz
923 3471 1471 3670 mimium&

201 3671 346 3760 vitam,
372 3693 484 3771 quarn
499 3675 546 3774 ub
560 3697 641 3752 rem
655 3674 693 3752 in
719 3674 849 3752 Christi
863 3675 1012 3751 nomine
1035 3677 1100 3753 sub
1112 3677 1173 3750 die
1185 3673 1273 3752 VIII
1288 3673 1468 3753 kalendae

202 3773 347 3850 Ostobr.
373 3796 471 3849 anno
481 3772 495 3870 j
522 3777 625 3873 regni
640 3778 779 3854 domini
798 3776 906 3853 nostri
931 3777 1058 3852 Karoli
1080 3774 1232 3874 gloriosi,
1246 3775 1370 3872 regis,
1395 3797 1468 3872 ego
1505 3807 1508 3812 ⁴

201 3875 377 3972 SIglindis
401 3875 541 3952 femina
561 3901 628 3977 pro
653 3879 816 3956 remedio
840 3879 975 3956 animae
989 3879 1085 3957 m'eae
1109 3880 1205 3955 dono
1225 3877 1274 3952 ad
1305 3876 1467 3953 sanstum

202 3977 274 4054 Dei
294 3990 501 4075 martyrem
527 3979 756 4072 Nazariurn,
778 3982 843 4080 qui
868 3979 1062 4081 requiescit
1085 3981 1125 4058 in
1138 3999 1289 4079 corpore
1308 3979 1348 4056 in
1370 4001 1468 4097 pago
