4000 5417
545 470 650 549 Sec.
677 468 714 547 X
740 472 939 579 Ortona
967 472 1020 550 ΙΙΙ
1047 494 1152 549 rme.
1411 498 1480 581 145

212 774 358 880 tuisque
372 774 674 855 successoribusin
689 790 917 877 perpetuum.
947 779 1134 868 Quoniam
1149 776 1483 870 concedendasuut.

210 908 292 983 quae
308 878 588 959 rationabilibus
614 877 794 956 deiideriis
816 882 996 980 pertinere
1023 881 1248 969 noscuntur,
1273 878 1381 955 nostri
1394 904 1482 979 apo-

206 986 361 1062 stolatus
377 983 571 1059 auttoritas
585 980 633 1055 ad
648 981 892 1077 roborandam
901 984 1001 1083 piam
1017 984 1255 1059 devotionem
1269 982 1388 1059 sanna
1400 983 1482 1061 loca

207 1085 522 1172 construentium,
549 1084 586 1159 in
598 1082 808 1182 praestandis
831 1086 1034 1183 privilegiis
1054 1086 1165 1162 debet
1196 1086 1350 1163 minime
1372 1084 1481 1161 abne

207 1190 302 1285 gari.
355 1187 472 1283 Igitur
493 1186 578 1283 qula
604 1186 825 1262 excellentia
846 1187 1013 1287 spiritalis
1029 1188 1095 1263 filii
1114 1187 1225 1265 nostri
1250 1187 1392 1263 domini
1408 1200 1480 1262 ter·

207 1291 471 1377 dioscorus,
497 1286 640 1386 piiffimi
661 1287 895 1385 imperatoris
919 1290 1086 1387 augusti,
1111 1290 1308 1389 postulavit
1324 1288 1480 1378 anobis,

208 1406 397 1489 quatenus
408 1388 669 1465 monasterium
691 1389 938 1480 Lauresham‚
954 1392 1310 1489 quodconstruttum
1324 1390 1480 1467 effecer-
1593 1416 1599 1421 ·

86 1532 97 1543 ·
206 1506 290 1571 tum
304 1492 355 1569 est
370 1488 578 1591 apiiffiruis.
593 1491 874 1588 imperatoribus
900 1494 1034 1571 Carolo
1047 1515 1208 1590 magno,
1233 1496 1383 1591 filioque
1398 1491 1479 1590 ejus

207 1596 442 1682 Ludovvico‚
468 1592 742 1688 eorundemque
767 1593 1046 1683 suecessoribus,
1071 1596 1136 1673 ubi
1155 1596 1266 1672 modo
1286 1595 1491 1680 venerator,

212 1697 261 1771 lis
279 1698 395 1772 abbas
408 1696 658 1771 Salemannus
672 1697 831 1789 regulari
845 1696 1066 1771 institutione
1078 1697 1223 1795 praeesse
1236 1698 1393 1783 videtur,
1406 1697 1478 1795 pri·

208 1798 357 1894 vilegiis
378 1797 509 1872 santiae
524 1796 705 1873 Romanae
718 1794 1088 1895 &apostolicaesedis
1104 1798 1223 1870 modis
1236 1795 1406 1873 omnibns
1417 1799 1480 1871 de·
1497 1867 1506 1877 .

210 1914 383 1986 emetur,
411 1897 572 1985 scilicet,
596 1912 640 1973 ut
663 1897 803 1973 nullius
833 1896 971 1993 juri&
996 1898 1127 1973 ditioni
1157 1897 1418 1989 submittatur3
1444 1894 1483 1972 dc

203 2000 298 2094 ideo
314 1999 383 2098 piis
399 1998 582 2074 desideriis
598 1998 769 2098 spiritalis
782 1999 851 2074 iiiii
877 1998 986 2075 nostri
1011 2000 1187 2075 Orrorus
1210 1998 1379 2074 faventes
1387 1997 1483 2084 ,mac

209 2100 331 2177 nostra
357 2098 549 2199 apostolica
570 2100 784 2175 austeritate
810 2100 1067 2189 decernimus,
1091 2101 1131 2177 id
1146 2099 1260 2199 ipsum
1286 2098 1484 2197 praefatum

150 2227 154 2237 ·
206 2202 470 2278 monasterium
497 2225 519 2276 a
543 2201 663 2277 modo·
693 2222 811 2297 usque
840 2203 880 2279 in
903 2200 1016 2278 finem
1036 2202 1162 2278 saeculi
1186 2202 1250 2277 sub
1283 2199 1486 2298 patrocinio

207 2303 345 2381 sanetae.
365 2303 545 2380 Romanae
559 2302 598 2379 dc
623 2300 831 2401 apostolicae
845 2303 975 2379 matris
1000 2302 1163 2380 ecclefiae
1177 2324 1264 2379 cum
1289 2301 1483 2394 omnibus,

206 2427 292 2503 quoe
308 2405 461 2482 ad'illud
476 2405 674 2504 pertinent,
699 2405 1007 2503 permanendum.
1027 2419 1041 2476 .’
1060 2404 1304 2481 Decemimus
1319 2424 1482 2499 namque

205 2508 267 2585 sub
283 2508 396 2584 divini
406 2504 536 2603 judicii
550 2504 811 2595 obtestatione,
838 2506 877 2584 dt
893 2506 992 2583 beati
1007 2506 1106 2583 Petri
1123 2505 1369 2607 apostolorum
1381 2504 1483 2603 prin·

205 2610 322 2709 cipis,
349 2608 548 2707 nostraeque
572 2609 802 2686 humilitatis
828 2608 1106 2697 interdictione,
1134 2622 1177 2685 ut
1201 2608 1327 2684 nulius
1349 2606 1388 2682 iu
1412 2606 1483 2681 ali·

200 2735 282 2808 quo
297 2711 415 2806 gradu
430 2710 668 2799 constitutus,
693 2714 752 2787 vel
770 2712 811 2786 in
825 2711 987 2809 quolibet
1001 2710 1129 2787 ordine
1143 2709 1182 2788 dr
1199 2708 1398 2785 ministerio
1412 2730 1481 2785 au·

206 2815 300 2887 deat
313 2808 591 2885 moieitecausrs
604 2810 770 2903 ejusdem
793 2812 1001 2889 monasterii
1025 2812 1252 2900 inomnbere,
1278 2822 1346 2887 aut
1360 2811 1407 2886 de
1423 2831 1482 2885 re·

207 2914 284 2987 bus
301 2908 339 2985 &
353 2904 616 3007 poffeffionibus
633 2932 780 3005 quoquo
795 2914 905 2987 modo
931 2915 1100 3002 auferre,
1126 2928 1193 2990 aut
1213 2909 1392 3001 alienare,
1418 2910 1482 2985 seu

206 3010 416 3089 monachos
429 3008 516 3085 inibi
531 3008 611 3083 Deo
620 3006 813 3087 servientes
826 3013 1028 3112 inquietare
1041 3014 1249 3115 praesumat,
1263 3038 1332 3089 uec
1345 3034 1479 3111 quam·

206 3116 304 3192 libet
317 3112 503 3188 malitiam
518 3164 529 3199 ‚
556 3124 623 3185 aut
634 3105 783 3204 janum
796 3116 1000 3193 molestiam
1021 3118 1156 3193 ibidem
1169 3117 1299 3193 inferre
1314 3128 1478 3203 conetur,
1634 3130 1638 3138 ·

207 3218 303 3293 dum
319 3214 476 3315 profetto
492 3211 613 3297 illud,
637 3222 681 3287 ut
696 3213 788 3313 saepe
807 3217 943 3293 ditium
957 3217 1034 3306 est,
1058 3219 1167 3295 firma
1189 3218 1384 3303 stabilitate
1411 3216 1478 3290 iub

207 3318 413 3419 patrocinio
428 3340 472 3391 ac
483 3312 730 3410 jurisditiione
747 3316 876 3393 sanitae
888 3320 1070 3396 Romanae
1082 3322 1212 3397 matris
1224 3318 1385 3396 ecclesrae
1400 3337 1480 3415 per·

210 3421 444 3497 manendum
475 3414 671 3491 sancimus.
725 3414 910 3493 Addimus
942 3418 1084 3519 insuper
1105 3420 1183 3519 post
1206 3422 1348 3497 obitum
1370 3416 1482 3493 abba·

209 3524 288 3611 tis,
315 3522 360 3595 ut
375 3540 485 3594 nemo
499 3516 636 3591 ibidem
653 3517 828 3592 abbatem
842 3517 1060 3620 constituat,
1085 3523 1149 3596 nist
1162 3544 1277 3617 quem
1289 3516 1484 3595 consensus

209 3626 251 3701 ἃ
267 3620 478 3697 communis
499 3618 673 3695 voluntas
698 3618 857 3695 fratrum
879 3619 1014 3693 ibidem
1038 3622 1254 3717 regulariter
1276 3620 1482 3696 viventium

187 3730 190 3735 '
211 3749 264 3801 ex
283 3724 361 3821 ipsa
375 3720 655 3817 congregatione
668 3722 849 3817 elegerit,
878 3720 1097 3819 nullumque
1122 3723 1314 3822 praemium
1330 3719 1401 3797 five
1418 3715 1482 3795 do·

211 3848 311 3903 num
326 3846 392 3922 pro
408 3822 671 3899 consecratione
694 3824 795 3899 illius
809 3822 979 3913 abbatis,
1007 3826 1071 3923 qui
1092 3837 1181 3901 tunc
1203 3822 1379 3924 temporis
1402 3822 1481 3899 fue·

214 3930 276 4017 rit,
295 3926 427 4027 praesul
450 3926 611 4024 accipere
625 3928 838 4003 contendat:
859 3924 899 4003 dc
913 3924 940 4003 st
956 3950 1042 4003 eum
1058 3929 1175 4027 gratis
1187 3929 1354 4005 ordinare
1379 3924 1484 4003 nolu·

216 4030 313 4119 erit,
330 4030 430 4119 vela
445 4026 566 4117 nostra
579 4028 750 4109 Romana
763 4042 884 4110 matre
898 4030 1067 4127 ecclelia,
1082 4033 1143 4115 vel
1155 4056 1180 4110 a
1194 4024 1362 4133 quotbet
1375 4052 1483 4107 vene·

878 4132 926 4209 t
1330 4132 1439 4213 rabidi
1516 4180 1525 4188 .
