4000 5417
500 384 609 465 Sto.
633 380 672 461 X
696 384 897 463 onore
924 384 978 465 Μ.
1006 406 1114 463 rur.
1387 411 1458 489 res

196 603 720 629 m*

188 822 452 939 Privilrgium
476 816 667 937 Sysvestri
686 682 1096 943 paffisertatr
1121 816 1461 935 laureshamense

730 930 915 1018 coenobii.

185 1080 450 1213 Sunvusrnn
476 1054 683 1169 episcopus,
712 1062 836 1143 servus
851 1063 1038 1145 servorum
1064 1066 1163 1158 Dei,
1189 1065 1458 1147 univerfissan-

254 1172 322 1249 &ae
354 1171 423 1248 Dei
447 1166 609 1245 ecclesiae
633 1164 732 1241 filiis.
783 1168 923 1244 Notum
947 1168 1027 1245 fieri
1052 1172 1255 1260 volumus,
1281 1171 1459 1248 univerfis

184 1282 263 1349 tam
279 1272 518 1374 praesentibus
534 1291 648 1368 quam
664 1266 826 1359 futuris,
852 1269 1065 1360 abbatiam,
1091 1294 1178 1371 quae
1192 1274 1458 1349 vocaturlau·

182 1375 338 1465 resinam,
365 1372 531 1449 dominio
546 1392 679 1468 regum
705 1367 779 1447 sive
794 1395 972 1471 paparum
995 1374 1223 1451 solummodo
1257 1372 1460 1474 subjestam

183 1476 390 1573 antiquitus
415 1474 546 1566 suisse3
573 1470 650 1573 post
676 1494 765 1549 vero
785 1488 864 1549 tam
889 1472 1150 1553 immutatione
1164 1499 1315 1567 rerum,
1341 1499 1457 1577 quam

181 1579 344 1675 peccatis
357 1574 643 1652 increscentibus
660 1594 684 1648 a
700 1573 809 1672 priori
830 1574 926 1653 statu
940 1576 1189 1673 degenerasse,
1213 1602 1312 1669 nune
1327 1595 1454 1657 autem

183 1680 352 1755 adilesto
367 1676 444 1753 silio
460 1676 604 1767 nostro,
631 1676 794 1753 Ornonn
810 1676 945 1754 caesare
961 1677 1140 1773 augusto-⁴,
1166 1680 1296 1756 moniti
1321 1704 1384 1778 per
1399 1684 1456 1759 in·
1498 1764 1504 1771 ,

181 1793 395 1859 terventum
420 1778 588 1875 Willigisr
616 1776 828 1873 magontini
862 1777 1147 1877 archiepiscopi,
1187 1801 1229 1855 ac
1253 1780 1455 1857 Franconis

179 1880 477 1998 wormaciensis·
493 1879 676 1997 episcopi,
703 1876 924 1977 suorumque
955 1878 1121 1955 fidelium
1145 1890 1255 1977 atque
1289 1882 1458 1997 onmium

177 1978 1458 2193 {sslsst‘sltssslsslsssulmslqlrdfs‘ltllls

176 2182 249 2259 stra
271 2184 486 2260 austorimte
511 2184 629 2259 redire
657 2182 862 2280 jubemus,
890 2197 1003 2283 atque
1026 2182 1101 2258 frui
1125 2182 1315 2272 libertate,
1340 2205 1456 2282 quam

176 2299 289 2361 antea
302 2284 467 2362 habuisse
480 2282 712 2361 manifestum
729 2282 805 2370 est,
831 2283 902 2359 hoc
918 2282 990 2372 est,
1017 2296 1062 2361 ut
1074 2306 1205 2379 regum
1220 2298 1333 2383 atque
1340 2308 1454 2387 papa·

174 2408 257 2463 rum
286 2398 434 2463 tantum
456 2385 621 2463 dominio
645 2384 846 2472 subdatur,
873 2386 1008 2462 alienae
1023 2406 1113 2461 vero
1136 2384 1327 2485 potestatIs
1350 2387 1454 2485 peni·

175 2505 235 2565 tus
250 2487 500 2565 fiatextorris.
554 2486 670 2585 Cujus
684 2486 758 2561 loci
786 2485 901 2563 abbas
926 2486 1004 2564 sive
1018 2486 1220 2575 monachi,
1245 2510 1359 2587 quam
1384 2486 1450 2567 diu

173 2589 336 2687 religiose
363 2605 473 2689 atque
496 2590 602 2668 beate
629 2590 818 2676 vixerint,
844 2610 931 2665 cum
954 2588 1080 2687 quiete
1095 2586 1274 2691 &·pace,
1300 2586 1340 2666 dt
1363 2588 1450 2665 abs·

142 2696 151 2704 '
173 2715 243 2789 que
258 2691 544 2769 contradidione
569 2690 768 2788 cujuslibet
785 2690 946 2791 personae
962 2703 1152 2767 maneant.
1186 2690 1245 2767 si
1260 2713 1349 2767 vero
1363 2692 1448 2767 reli·

171 2796 328 2893 gionem
348 2792 586 2887 reliquerint,
611 2814 654 2867 ae
679 2792 839 2889 negotiis
864 2792 1005 2869 illicitis
1028 2791 1336 2891 saecularibusque
1362 2816 1448 2894 ope·

170 2916 256 2969 ram
277 2890 461 2978 dederint,
487 2913 618 2987 apapa
641 2892 813 2965 Romano
826 2895 1028 2970 monendos
1050 2893 1285 2971 decernimus
1310 2892 1349 2972 &
1370 2916 1450 2970 cor·

169 2994 360 3093 rigendos.
411 2990 450 3068 A
467 3014 540 3089 quo
562 2990 694 3065 moniti
727 2988 841 3067 finon
864 2994 1136 3086 emendantur,
1159 2994 1274 3093 regiae
1295 2994 1448 3096 potesta·

170 3097 199 3173 ti
215 3099 452 3196 deputamus.
502 3093 591 3167 Hoc
604 3112 693 3187 ergo
707 3090 835 3171 nostrae
860 3095 1124 3172 constltutionis
1137 3096 1372 3197 privilegium
1388 3119 1448 3173 ra·

171 3210 250 3275 turn
284 3192 560 3274 &inviolabile
586 3192 653 3267 esse
675 3216 738 3291 per
763 3196 888 3273 omnIa
915 3211 1083 3295 tempora
1103 3201 1289 3274 volumus.
1341 3196 1449 3287 Quod

169 3299 299 3398 siquis
312 3298 459 3373 irritum
485 3294 608 3369 facere
622 3294 906 3395 praesumpserit,
932 3297 1100 3397 inprimis
1120 3299 1217 3375 iram
1241 3298 1313 3376 Dei
1326 3299 1451 3375 incur·

170 3416 251 3489 rat,
283 3398 399 3497 sitque
417 3394 619 3473 anathema
645 3398 876 3475 maranatha.
929 3398 1118 3497 Scriptum
1133 3424 1197 3499 per
1217 3422 1353 3477 manus
1377 3400 1448 3475 Pe·

170 3504 216 3579 tri
242 3500 381 3578 notarii
403 3522 446 3574 ac
482 3496 643 3574 scrinarii
677 3494 807 3573 sanstae
834 3500 1017 3575 Romanae
1041 3498 1230 3589 ecclesiae,
1254 3501 1295 3577 in
1326 3500 1450 3579 mense
1502 3514 1615 3589 Ostob.

172 3602 336 3693 Oslobri,
363 3592 555 3677 mdiuion'e
569 3598 670 3675 XIII.
723 3598 799 3698 (a)
815 3600 918 3789 gene
931 3598 1065 3677 valete.
1275 3698 1379 3779 ΑΜ.
1506 3622 1600 3676 1000.

1368 3726 1399 3778 l·

213 3806 286 3893 (a)
308 3804 428 3881 Austot
441 3804 575 3871 chronici
590 3800 686 3885 hujus
706 3802 850 3869 Laurish.
874 3724 915 3867 {Id
938 3801 1067 3869 Ottonis
1078 3800 1096 3867 I
1109 3807 1237 3867 etatem
1249 3804 1361 3869 retulit
1375 3804 1446 3871 bul·

178 3940 186 3965 2
252 3896 322 3961 lam
337 3892 492 3969 silvestri,
514 3890 571 3974 qui
579 3890 753 3973 imperante
765 3888 888 3954 Ottone
900 3889 952 3955 111
966 3887 1104 3955 ecclefiae
1125 3888 1351 3957 Romdemum
1363 3909 1445 3975 prae·

253 3979 345 4053 fuit,
366 3978 406 4042 ab
420 3996 471 4042 an.
490 3997 554 4062 999
569 3976 609 4041 ad
627 3996 719 4061 1003.
742 3974 897 4041 Convenit
911 3996 987 4041 cum
1004 3976 1065 4041 hoc
1088 3986 1230 4059 tempore
1248 3974 1444 4065 winigis&

134 4156 141 4165 ι
252 4064 422 4137 rancoris
438 4064 650 4152 episcopatur,
670 4081 734 4127 non
750 4082 823 4131 eum
845 4062 973 4137 Ottonis
989 4061 1161 4151 Imperio.
