4000 5417
575 458 656 529 -aoo
1055 438 1414 519 inauraturae

584 749 697 827 fundo
721 748 757 823 in
773 748 844 824 Dei
865 748 1013 823 nomine
1038 744 1294 847 perpetuariter
1313 745 1361 827 ad
1384 742 1656 841 posfidendum.
1722 748 1873 843 Signum

585 852 835 939 Heilrammi,
870 850 1045 938 Einoldi,
1078 848 1307 937 (ruatbaldi,
1334 846 1600 923 Hiitdimanui.
1664 846 1873 925 Astumin

398 986 451 1037 ιο.
464 966 557 1037 uara
586 954 802 1033 monasterio
823 944 1055 1039 heresium,
1081 948 1145 1026 sub
1177 950 1235 1025 die
1258 950 1344 1025 iiiii
1365 945 1545 1025 kalendas
1569 946 1765 1049 Aprilis,
1791 977 1872 1029 anm

588 1056 767 1139 xxxiiii
782 1056 888 1153 regui
907 1054 1047 1131 domiui
1069 1050 1178 1129 nostri
1200 1048 1328 1127 Karoii
1347 1050 1458 1146 regis.

1066 1252 1360 1347 Doeuxvlr.
1464 1302 1494 1359 ‚-

844 1384 1026 1479 Duratio
1056 1385 1262 1477 Heilradis
1287 1381 1330 1470 in
1354 1384 1485 1471 eudem
1512 1382 1627 1471 uilia.

576 1558 726 1701 ⁴Arme
745 1576 891 1653 quoque
910 1554 1041 1629 eodem
1052 1576 1134 1650 ago
1159 1552 1327 1631 Heiiraat
1358 1573 1425 1649 pro
1438 1552 1610 1629 remedio
1624 1553 1762 1631 animae
1776 1578 1867 1633 meae

676 1658 774 1733 dono
796 1660 844 1731 ad
867 1656 1027 1732 santium
1049 1654 1185 1733 Christi
1205 1672 1410 1750 martyrem
1431 1652 1642 1730 Nazarium
1664 1656 1736 1733 &e
1761 1658 1867 1733 dona·

590 1773 746 1857 tumque
774 1759 814 1833 in
835 1775 1049 1859 perpetuum
1071 1756 1141 1833 effe
1171 1758 1274 1843 volo,
1300 1754 1479 1853 quidquid
1502 1756 1543 1831 in
1564 1758 1811 1855 Samaga,
1834 1759 1866 1837 u

592 1863 635 1940 in
653 1858 967 1961 Huniscuicsicim,
992 1860 1031 1938 &
1045 1861 1084 1934 in
1097 1859 1326 1944 Simmiam,
1341 1856 1380 1933 ἂ
1395 1858 1433 1931 in
1448 1857 1761 1949 Marmora-reim,
1783 1861 1866 1940 &iu

595 1964 870 2061 Heidolscsioim,
895 1963 1031 2043 habere
1045 1960 1229 2049 visusfui,
1255 1956 1418 2047 mansus,
1442 1961 1570 2047 terris,
1602 1964 1772 2061 campis,
1795 1989 1866 2065 pra·

595 2068 663 2153 tis,
696 2066 863 2165 pascuis,
896 2065 1046 2164 perviis,
1082 2062 1200 2151 frivis,
1235 2060 1432 2147 domibus,
1466 2062 1651 2152 adificiis,
1686 2088 1781 2143 cum
1811 2067 1865 2142 ad·

589 2164 726 2265 januis
753 2165 985 2263 adjacentiis,
1013 2164 1138 2263 aquiS,
1174 2184 1401 2260 aquarumve
1424 2162 1648 2252 decuriibus,
1676 2171 1864 2265 peculium

594 2270 787 2365 utriusque
801 2269 926 2354 ierus,
951 2264 1072 2363 majus
1086 2266 1131 2350 ,δι
1147 2265 1288 2351 minus,
1316 2263 1353 2339 ὅ(
1369 2265 1551 2361 mancipia
1565 2266 1624 2338 his
1638 2270 1865 2353 nominibus,

595 2371 781 2459 Liutheri,
807 2370 994 2457 Raathiit,
1021 2372 1219 2455 Germuot,
1246 2365 1424 2452 Heriiint,
1450 2366 1616 2461 Wiuigis,
1643 2369 1768 2457 Horo,
1785 2374 1863 2445 Me·

595 2472 781 2569 ginsuint‚
809 2470 1040 2565 Engiisuint,
1067 2469 1262 2553 Blitdrud,
1291 2467 1517 2553 Erkendrut,
1541 2464 1751 2554 Rubrium,
1781 2474 1863 2544 Ra·

596 2572 692 2655 dolf,
703 2570 906 2657 Welimad,
922 2570 1328 2665 Engilrat,Sig'emunt‚
1344 2567 1427 2645 haec
1441 2566 1550 2641 omnia
1563 2564 1729 2663 superius
1745 2590 1856 2643 com-

594 2668 773 2767 prehensa
795 2673 900 2745 trado
920 2672 966 2742 de
976 2668 1059 2763 jure
1075 2692 1158 2743 meo
1191 2684 1303 2767 atque
1333 2668 1537 2745 transfundo
1561 2666 1601 2741 iu
1626 2665 1689 2763 jus
1713 2668 1756 2745 ἃ
1785 2670 1856 2745 du-

531 2808 539 2828 ·
597 2770 757 2846 minium
780 2769 887 2844 saneti
903 2770 950 2845 N.
971 2772 1011 2845 in
1023 2771 1092 2847 Dei
1108 2771 1257 2845 nomine
1274 2772 1527 2871 perpetualiter
1538 2771 1585 2844 ad
1596 2768 1863 2869 puiirdeutium,
1915 2778 1918 2783 ’

407 2894 460 2945 ao.
474 2874 563 2945 iebr.
587 2872 828 2974 stipulatione
842 2871 1008 2949 subnixa.
1039 2872 1197 2953 ¹Acium
1220 2874 1258 2948 in
1279 2874 1496 2949 munasterio
1516 2872 1728 2951 mearam
1747 2874 1788 2952 r
1801 2877 1864 2950 ka·

338 2994 349 3018 ’
596 2976 727 3054 renuas
742 2975 875 3051 Martii.
926 2974 1084 3073 Signum
1106 2974 1290 3063 Heilradi‚
1315 2978 1382 3073 qui
1405 2978 1502 3051 hanc
1529 2976 1772 3053 donationem
1795 2978 1868 3053 fieri

596 3079 637 3155 &
665 3077 806 3153 firmari
834 3078 1004 3173 rogavit,
1042 3076 1184 3175 iignum
1211 3077 1406 3166 Leidradi,
1445 3077 1630 3155 Bouiiacii
1644 3072 1678 3167 ,⁹
1699 3080 1871 3157 Erhanii.

595 3180 842 3277 Regiubertus
868 3179 1014 3279 scripsit.

1110 3396 1424 3496 DCCLXVIII.

1028 3546 1230 3685 'Duratio
1265 3534 1465 3671 Ruib'erii.
1610 3646 1623 3669 .

655 3713 765 3813 goin
791 3712 859 3789 Dei
885 3711 1033 3791 nomine
1060 3714 1266 3789 Rutbertus
1299 3736 1365 3813 pro
1399 3714 1568 3792 remedio
1612 3706 1763 3803 animae
1793 3746 1879 3801 meae

679 3818 774 3892 douo
800 3815 848 3892 ad
873 3814 1032 3893 faustum
1048 3814 1178 3891 Christi
1206 3830 1407 3913 martyrem
1424 3816 1643 3898 Nazarium
1659 3824 1739 3903 διε.
1752 3824 1767 3923 j
1786 3852 1880 3902 man·

532 3987 536 4000 ,
601 3918 681 3997 sum
704 3916 741 3993 in
761 3918 998 4014 Surzzingem
1024 3917 1062 3995 &
1080 3914 1094 4014 j
1114 3913 1250 4012 jurnal.
1275 3917 1320 3993 de
1342 3930 1438 3991 terra
1462 3918 1642 4001 araturia
1666 3952 1692 4004 a
1714 3932 1780 4009 die
1801 3951 1882 4033 pra-

525 4126 527 4137 !
592 4020 690 4121 ‚senti
710 4021 756 4119 de
778 4017 863 4122 iure
883 4044 969 4117 meo
990 4021 1031 4104 iu
1054 4018 1118 4117 jus
1140 4017 1179 4101 &
1211 4018 1503 4133 dominationem
1528 4023 1668 4128 'sanai
1685 4032 1764 4111 ²N,
1793 4032 1882 4109 trado

1596 4131 1604 4155 ¹
1709 4150 1842 4235 ‘atque
