4000 5417
503 406 607 514 Suc.
634 402 689 482 XI
715 401 983 484 Huruurco
1009 405 1063 490 lv
1088 428 1193 485 rtur.
1397 389 1494 515 2223

1316 631 1491 652 Ἤ

226 715 396 829 quidem
424 711 603 796 fratrum
631 707 858 817 emisione,
887 705 973 812 sed
1003 709 1206 828 imperiali
1233 711 1490 827 permissione

226 855 345 928 mox,
360 827 460 910 licut
480 823 714 926 institutus,
744 825 803 908 ita
822 823 866 909 dt
883 823 1101 910 destitutus
1125 826 1273 911 eadem
1288 825 1346 910 est
1361 821 1489 910 eccle·

225 940 292 1026 sta.
321 939 406 1026 Per
421 935 463 1021 id
481 957 569 1022 tern
597 939 683 1022 oris
700 936 920 1022 domestice
945 933 1146 1025 discordia
1162 937 1207 1024 br
1233 935 1488 1025 inexorabile

226 1053 372 1137 odium
397 1052 505 1134 inter
532 965 970 1159 bsiuurucum‘fflll)
1001 1054 1298 1164 imperatorem
1321 1067 1488 1166 patrem

225 1163 439 1276 filiumque
466 1163 555 1273 ejus
583 1163 868 1251 Huruurcum
895 1163 996 1272 (V)
1021 1165 1306 1275 conjuratione
1338 1167 1487 1280 princi·

225 1305 329 1393 pum
347 1274 559 1378 efferbuit,
588 1271 789 1388 facileque
807 1298 898 1360 tum
916 1279 1055 1388 quivis
1082 1277 1212 1364 studia
1228 1279 1412 1392 partium
1428 1275 1490 1365 se

227 1419 331 1482 vens
356 1388 409 1473 ad
445 1385 671 1502 quamlibet
717 1384 1021 1473 ecclesiasticam
1057 1389 1304 1505 dignitatem
1340 1385 1388 1473 as
1411 1393 1523 1474 ira·.

227 1505 314 1590 bat.
357 1501 531 1588 Prael'uit
556 1522 656 1604 tunc
689 1496 966 1614 Hirsaugienli
993 1505 1239 1590 monasterio
1289 1503 1349 1589 0st
1371 1419 1488 1588 illurn

226 1617 398 1702 beatum
416 1615 460 1700 dt
477 1618 693 1730 opinatum
704 1613 890 1725 ejusdem
899 1611 979 1699 loci
997 1637 1161 1729 patrem
1178 1531 1487 1706 Willbhelmum

228 1727 500 1816 Gebehardus
521 1789 531 1826 ‚
562 1751 654 1812 tum
674 1724 874 1812 natalium
891 1722 1105 1840 splendore
1121 1723 1375 1839 conspicuuS,
1395 1751 1487 1818 tum

226 1843 352 1925 etiarn
384 1835 535 1924 confilii
561 1843 787 1926 vivacitate
811 1841 854 1922 in
878 1835 1033 1953 palatio
1062 1833 1159 1923 latis
1175 1861 1391 1952 acceptum
1418 1841 1486 1923 cui

225 1947 365 2038 senon
386 1973 474 2044 tam
493 1949 701 2038 fidelitatis
721 2015 731 2053 ‚
758 1981 886 2066 quam
902 1952 1144 2047 ambitionis
1167 1953 1299 2064 gratia
1316 1947 1489 2033 familia·

226 2071 317 2148 rem
336 2061 573 2179 exhibebat.
630 2065 727 2151 Hoc
751 2085 926 2180 optentu
954 2065 1092 2177 primo
1116 2060 1489 2150 Lauresbammen·

162 2215 176 2232 ·
225 2169 566 2278 sem'abbatiam‚
595 2175 742 2261 deinde
771 2171 1057 2292 episcopatum
1083 2175 1115 2263 S
1146 2171 1345 2277 mensem,
1374 2172 1492 2262 velut

226 2313 282 2374 ex
299 2284 501 2399 imperiali
519 2289 769 2387 concellion'e
787 2286 1039 2376 vendicavit.
1141 2316 1189 2370 ec
1207 2315 1348 2390 mora,
1367 2291 1492 2373 rebus

225 2401 403 2484 abbatiae
430 2393 658 2512 plurimum
687 2399 949 2516 profligatis,
978 2398 1131 2484 srat'res
1161 2400 1283 2514 ipfius
1311 2397 1490 2486 ecclefiae
1603 2460 1612 2468 -

223 2509 358 2612 silim,
386 2537 569 2621 quorum
597 2512 694 2597 odia
723 2514 795 2598 libi
833 2515 986 2597 merito
1013 2507 1296 2614 consciverat,
1355 2510 1491 2627 ropul·

225 2619 311 2708 sare
327 2621 465 2708 statuit
483 2685 494 2724 ,
524 2650 772 2740 arreptaque
790 2625 1001 2712 occasione
1019 2686 1030 2727 ‚
1059 2623 1172 2738 quafi
1189 2619 1261 2711 sub
1280 2540 1492 2738 rebgionis

225 2755 470 2852 praetextu,
498 2733 851 2851 Hirsaugienfium
878 2735 1224 2824 consuetudinum
1249 2741 1491 2841 novitates,

225 2875 325 2957 quae
352 2871 484 2954 nuper
506 2843 783 2948 emerserant,
841 2878 887 2932 er
913 2852 1164 2938 adventitios
1187 2849 1414 2936 monachos
1443 2877 1493 2938 ae
1613 2851 1618 2867 ’

192 3019 194 3029 ,
227 2957 445 3051 barbatos,
479 2977 527 3033 ac
550 2951 787 3060 hujusmodi
812 2877 950 3044 lbrvas
988 2964 1273 3074 potiusquam
1297 2961 1491 3094 personas

227 3063 551 3154 subintroduxit.
608 3062 776 3173 Quibus
791 3069 913 3182 ipsius
939 3071 1117 3158 ecclelrae
1154 3077 1316 3174 nutritir
1340 3075 1493 3160 fratres

226 3209 304 3296 pro
318 3175 551 3264 desenfione
573 3175 807 3264 Gorziensrs
822 3176 1493 3302 seuCluniacenfisordiniS,quem

220 3295 281 3386 ,ab
309 3293 481 3405 antiquo
507 3287 711 3378 traditum
745 3286 1043 3398 servaverant,
1071 3300 1207 3384 acrius
1235 3303 1493 3401 obnitentes,

227 3401 578 3517 Hirsaugienfium
597 3399 774 3487 sartione
791 3432 897 3517 pene
926 3437 1073 3494 omnes
1098 3408 1225 3496 domo
1249 3409 1427 3526 propulsi
1443 3439 1493 3494 ac

228 3514 482 3628 aliquamdiu
498 3509 660 3628 disperst
676 3509 768 3600 sunt
785 3544 796 3612 ;
824 3543 958 3628 eoque
976 3518 1133 3605 fastum
1151 3523 1236 3622 est,
1261 3546 1311 3606 ut
1336 3521 1491 3606 exinde

228 3629 488 3719 commissura
513 3626 629 3711 rudis
654 3629 839 3742 panniin
867 3629 1160 3716 vestimentum
1184 3656 1308 3718 vetus
1346 3630 1491 3734 milla,

227 3740 413 3855 pejorem
441 3735 643 3826 scissuram
670 3739 841 3843 fecerit,
879 3741 923 3827 dt
949 3762 1143 3853 utraeque
1174 3739 1491 3830 consuetudines

226 3847 387 3938 infimul
413 3854 636 4052 permixtae
662 3855 794 3938 immo
820 3850 1028 3957 consusae,
1066 3876 1258 3942 neutram
1274 3855 1383 3971 apud
1411 3885 1492 3942 nos

225 3963 408 4086 plenarie
453 3965 604 4054 abeant
618 3961 951 4111 observantiam.
988 3963 1184 4082 Qualiter
1207 3997 1310 4060 vero
1324 3969 1493 4175 ffifati
