4000 5417
576 471 631 524 ru
659 465 783 523 eruo
808 441 1101 520 Raraunum.
1419 467 1493 540 ²93

758 605 1496 628 -ι--ῌᾞ-ι-

1145 656 1496 678 *ῃ

222 891 419 1008 Largilio
434 885 589 997 Adonis
615 885 657 972 in
678 879 930 978 Elmersbnclr
952 910 1055 968 anno
1069 882 1099 971 I
1112 881 1261 970 domini
1274 883 1421 972 Karoli
1436 913 1496 972 rr·

597 997 668 1123 gis
697 995 953 1088 Gundelando
968 995 1121 1082 oblate.

226 1181 328 1310 Ego
349 1166 436 1246 Ado
459 1167 500 1244 in
524 1163 657 1244 Christi
679 1162 828 1240 nomine
843 1182 909 1260 pro
931 1162 1093 1237 remedio
1126 1160 1261 1238 animae
1286 1161 1496 1242 dulcilirmae

305 1271 425 1372 neptis
439 1292 535 1346 meae
560 1268 725 1352 Osannae,
740 1265 837 1339 dono
851 1264 899 1338 ad
912 1261 1072 1340 santium
1089 1265 1156 1340 Dei
1183 1264 1382 1340 Nazarium
1398 1289 1498 1342 mar·

227 1388 370 1474 bytom,
397 1374 460 1471 qui
475 1369 665 1470 requiescit
680 1368 718 1442 in
734 1385 886 1464 corpore
900 1363 939 1440 in
953 1365 1168 1442 monasterio
1184 1420 1195 1455 ,
1221 1368 1322 1462 quod
1335 1371 1497 1468 appella-

228 1489 290 1555 tur
317 1475 557 1562 Lauresham,
583 1470 692 1547 fitum
707 1468 814 1568 super
827 1464 983 1542 fluvium
1007 1467 1173 1555 Wilicoz,
1199 1470 1259 1544 vel
1275 1471 1322 1546 ad
1344 1483 1497 1568 agentes

227 1580 331 1669 illius
346 1576 522 1654 &servos
537 1574 627 1663 Dei,
654 1572 718 1670 qui
733 1568 871 1646 ibidem
885 1568 1118 1656 deserviunt,
1142 1569 1207 1646 ubi
1229 1571 1287 1646 vir
1309 1569 1497 1650 venerabi·

230 1677 279 1755 lis
303 1677 572 1754 Gundelandus
587 1675 685 1752 abba
710 1668 855 1773 praeelie
872 1670 1032 1756 videtur,
1057 1670 1307 1768 donatumque
1322 1674 1359 1750 in
1371 1699 1497 1776 perpe.

230 1793 340 1858 tuum
356 1777 424 1854 elie
446 1781 557 1866 volo,
581 1776 621 1854 dt
643 1771 880 1876 promtiffima
893 1771 1095 1887 ‘voluntate
1118 1771 1320 1887 ‚⁰⁰⁰fifm‘l?
1345 1777 1416 1850 hoc
1430 1775 1499 1866 eli,

230 1901 504 2058 attl‘ttt
516 1869 1501 2076 illinit,illltbllttttlbittit:
1524 1927 1585 2040 Γ·
1710 1935 1713 1940 ’

232 2105 305 2180 que
319 2081 563 2170 transfundo,
590 2081 669 2168 ita,
693 2092 738 2155 ut
751 2079 799 2180 ab
811 2075 884 2152 hac
899 2073 957 2151 die
970 2072 1010 2150 dt
1036 2073 1206 2175 deinceps
1219 2077 1320 2164 omni
1337 2091 1502 2180 tempore

258 2181 399 2259 reliciat
413 2184 451 2258 in
465 2196 711 2280 augmentum
733 2178 965 2279 stipulatione
980 2174 1144 2252 subnixa.
1172 2175 1309 2256 Atium
1323 2180 1362 2256 in
1375 2205 1503 2259 mona·

213 2207 337 2378 ‚letio
361 2283 581 2358 lauresham
594 2283 740 2382 publice
751 2280 816 2356 iub
832 2281 892 2355 die
906 2279 1084 2352 kalendas
1100 2277 1200 2380 Sept.
1217 2283 1373 2378 Signum
1399 2283 1504 2361 Ado·
1545 2323 1575 2370 1.
1588 2299 1676 2386 ςομ.

231 2385 300 2475 nir,
316 2383 487 2486 quibant
502 2383 744 2463 donationem
758 2381 841 2458 feci.
858 2381 1018 2477 Signum
1033 2379 1180 2458 Stulore
1189 2383 1343 2462 Samuel
1354 2383 1502 2499 scripiit.

748 2583 1019 2680 CLXXXII.

234 2720 414 2816 Duratio
433 2721 674 2815 dominneEu
696 2715 1503 2838 eminaeDeosocrolordeBobesioljoxta

293 2833 484 2940 Bierstut,
501 2862 603 2917 anno
667 2833 750 2922 III
766 2831 885 2944 regeri
899 2829 1047 2920 domim
1073 2831 1194 2944 nostri
1211 2833 1349 2947 magni
1371 2835 1464 2927 Ka·'

379 2939 461 3026 roll
471 2941 633 3052 gloriofi
645 2941 922 3053 imperatoris,
940 2945 1195 3036 Gundrlando
1214 2947 1365 3034 abbate.

242 3113 343 3248 Ego
358 3105 532 3183 Eufemia
546 3105 633 3180 licet
648 3104 798 3201 indigno
813 3109 964 3185 nomine
990 3111 1069 3190 Deo
1085 3109 1241 3200 sacrata,
1267 3135 1332 3212 pro
1346 3111 1506 3192 remedio

320 3208 455 3288 animae
468 3231 563 3286 meae
593 3206 655 3281 leu
676 3229 742 3306 pro
763 3223 902 3288 aeterna
929 3213 1163 3290 retributione
1177 3235 1242 3314 per
1261 3215 1358 3292 hanc
1382 3218 1509 3291 kartu-

243 3315 320 3388 lam
346 3310 554 3387 donationis
580 3309 677 3384 dono
705 3309 939 3391 adientium
963 3315 1034 3390 Dei
1067 3315 1268 3392 Nazarium
1295 3331 1508 3412 martyrem,

245 3415 308 3512 qui
315 3412 503 3512 requiescit
516 3413 554 3486 in
569 3434 664 3509 pago
679 3411 839 3500 Rinenir,
849 3415 885 3490 in
899 3414 1128 3504 monasterio,
1135 3416 1233 3512 quod
1248 3431 1398 3492 vocatur
1412 3417 1509 3508 Lau·

247 3515 410 3602 resham,
438 3514 544 3611 super
558 3512 715 3590 fluvium
742 3511 898 3592 Wilicoz
921 3516 1048 3605 situm,
1074 3517 1134 3592 vel
1148 3518 1196 3591 ad
1220 3515 1333 3614 ipsam
1351 3515 1511 3592 santiam

246 3615 566 3710 congregationem
581 3613 877 3703 monachorum,
903 3637 988 3712 quae
1009 3618 1145 3693 ibidem
1170 3617 1349 3691 delervire
1362 3617 1425 3694 sub
1448 3641 1512 3694 ve·

247 3715 401 3792 nerabili
432 3716 675 3792 Gundeiando
701 3711 832 3793 abbate
858 3717 1029 3803 videtin,
1061 3716 1310 3815 donatumque
1324 3718 1362 3794 in
1387 3741 1513 3818 perpe·

248 3815 564 3909 tuumeiievoio,
589 3817 628 3895 bt
651 3817 913 3920 promptilfima
938 3819 1131 3896 voluntate
1152 3817 1352 3910 continno,
1376 3821 1448 3898 hoc
1462 3819 1523 3898 est'

249 3918 427 4019 quidquid
436 3918 527 3992 mihi
542 3933 711 4018 parentes
725 3921 798 3996 mei
816 3921 854 3998 in
864 3945 959 4022 pago
973 3922 1110 4026 Rinenfi
1124 3923 1161 3997 in
1175 3943 1300 3998 marca
1312 3921 1351 4000 dr
1365 3924 1511 4014 invilla,

252 4045 340 4124 quae
355 4020 489 4099 dicitur
512 4019 684 4124 Bubalia,
704 4023 917 4204 morientes)
917 4025 1214 4125 dereliquerunt,
1237 4024 1359 4124 &ego
1371 4026 1421 4203 inl
1423 4025 1513 4210 llapsa

930 4151 953 4202 o
979 4154 1002 4222 3
1372 4151 1407 4206 vr
