4000 5417
544 420 621 497 594
995 392 1361 539 1¹⁸⁰¹²¹‚⁰⁸¹,⁸

548 704 739 791 domibus.
765 698 953 791 aedificiis,
978 698 1105 791 terris,
1137 698 1298 800 campis,
1325 695 1463 798 pratis,
1492 696 1661 799 pascuis,
1691 704 1864 801 pomife·

548 807 616 895 ris,
643 802 768 892 siluis,
794 804 948 905 perviis,
973 804 1098 901 aquis,
1114 824 1343 899 aquarumve
1366 800 1588 877 decurfibus.
1649 802 1812 881 Aenum
1825 808 1862 885 in

546 904 766 983 monasterio
789 906 1002 980 herniam
1025 904 1253 1005 stipulatione
1271 902 1436 981 subnixa.
1472 902 1635 998 Signum
1664 904 1855 997 Aloheri‚

547 1010 613 1105 qui
627 1010 724 1085 hanc
741 1008 976 1107 donationem
992 1006 1099 1095 fecit,
1120 1004 1267 1103 siguum
1283 1004 1482 1093 Ebeman,
1500 1004 1722 1099 Hucberti,
1741 1011 1857 1089 Heri·

546 1109 654 1189 berti.
705 1108 858 1189 Samuel
884 1106 1030 1209 scripsit.
1086 1142 1090 1149 ·

1110 1324 1318 1421 DCCLII.

615 1550 620 1557 .
757 1466 939 1563 Donatio
971 1465 1224 1605 Wolfgangi
1252 1468 1294 1557 in
1332 1464 1460 1557 eodem
1488 1466 1593 1559 vico.

596 1646 702 1713 uerte
721 1658 810 1713 vero
833 1662 930 1714 anno
953 1637 1055 1735 regni
1078 1630 1245 1733 ejusdem
1274 1632 1420 1734 glorioli
1456 1636 1582 1732 regis,
1617 1659 1690 1735 ege
1708 1635 1835 1719 wolr-

623 1759 766 1835 gangus
790 1738 887 1815 dono
900 1740 949 1815 ad
965 1738 1125 1814 santium
1141 1736 1189 1815 N.
1204 1738 1272 1815 Del
1289 1750 1496 1833 martyrem
1511 1738 1583 1813 &a
1601 1738 1641 1814 in
1654 1742 1833 1815 Snrzzia-

537 1862 615 1955 gfn·
630 1862 695 1939 pro
711 1840 872 1917 remedio
886 1843 1022 1959 animae
1037 1838 1408 2013 Chramwalahonisf,
1430 1840 1532 1937 quod
1547 1840 1621 1939 ipse
1631 1842 1737 1960 mihi
1755 1858 1833 1919 tra-

538 1941 1832 2157 alienarettlnlraltllmemnlea

538 2139 609 2216 Der
629 2144 780 2221 nomine
800 2144 1063 2245 perpetualiter
1085 2144 1134 2223 ad
1164 2144 1410 2244 poffidendum
1449 2142 1732 2244 praesentialiter
1763 2146 1826 2223 ffi-

536 2242 727 2339 putatione
759 2246 867 2321 ime
891 2246 1058 2322 subnixa.
1119 2244 1254 2323 Altum
1283 2247 1321 2345 iu
1334 2260 1338 2267 ’
1352 2246 1566 2321 monasterio
1595 2246 1822 2323 lauresham

357 2352 389 2419 7·
411 2332 485 2403 0st
536 2366 621 2419 non.
644 2344 785 2421 oaobr.
831 2344 997 2447 Signum
1012 2346 1245 2445 Wolsgangi,
1271 2347 1337 2445 qui
1353 2346 1452 2425 hauc
1468 2346 1695 2426 donationem
1708 2348 1818 2440 fecit,

532 2441 679 2561 Sguum
693 2446 917 2525 Eremberti.
970 2448 1125 2525 Samuel
1144 2448 1289 2555 scripsit.
1415 2510 1418 2517 .

1062 2666 1290 2761 DCCLIII.

781 2786 963 2884 Donetio
982 2792 1209 2883 Eremberti
1227 2794 1269 2882 in
1287 2798 1416 2887 eadm
1430 2798 1526 2885 eleo.

529 2960 695 3098 De'nde
717 2982 814 3040 anno
839 2958 1010 3059 proximo
1033 2980 1237 3041 memerato
1260 2985 1347 3058 rege
1374 2974 1569 3059 regnante,
1594 2981 1663 3057 ego
1676 2958 1812 3037 Erem-

612 3062 739 3137 bertus
771 3064 867 3137 dono
898 3062 947 3135 ad
967 3062 1128 3141 santium
1151 3064 1197 3139 N.
1225 3060 1508 3162 qui'requiescit
1529 3064 1568 3137 in
1589 3082 1737 3161 corpore
1765 3064 1808 3136 in

526 3160 745 3237 monasterio
765 3162 1014 3251 Lauresham,
1045 3166 1297 3263 donatumque
1321 3166 1360 3241 iu
1380 3180 1600 3265 perpetuum
1624 3162 1688 3237 elle
1712 3164 1805 3236 volo

527 3284 594 3361 pro
608 3261 1022 3339 animabusllascheriti
1038 3264 1075 3341 ἀ
1091 3266 1222 3341 Cilinae
1235 3292 1261 3339 x
1283 3262 1421 3361 jurnal.
1449 3270 1496 3342 de
1511 3282 1610 3343 terra
1622 3264 1802 3341 arraturia
1933 3310 1934 3313 κ

534 3362 574 3441 iu
594 3364 812 3459 Suszzrngn
846 3362 959 3452 sitos,
1001 3364 1040 3441 &
1073 3364 1335 3442 Niuuenbowen
1373 3368 1523 3444 vineam
1550 3366 1566 3465 j
1605 3369 1647 3444 in
1670 3363 1804 3444 Christi

524 3465 675 3541 nomine
704 3465 964 3566 perpetualiter
991 3464 1224 3567 poffidenda,
1251 3466 1420 3567 stipulat:
1440 3464 1610 3547 subnixa.
1671 3468 1811 3546 Altum

333 3587 387 3656 ογ.
408 3570 494 3651 lma·
522 3566 562 3641 iu
584 3568 682 3655 loco,
717 3591 789 3664 quo
812 3566 851 3641 su
876 3588 939 3654 ra,
970 3568 1006 3647 V
1040 3568 1219 3645 kalendas*
1239 3567 1337 3670 Julii.
1387 3569 1550 3665 Signum
1577 3572 1816 3664 Eremberti,

519 3665 727 3783 Agisberti,
751 3591 962 3757 Wohgem.
1013 3668 1168 3751 Samuel
1188 3684 1341 3768 rogatus
1366 3670 1531 3772 scripfit.'

1401 4052 1404 4061 ’
1542 4102 1761 4194 eccum.
